{"width":"80","height":"25","timeline":[{"x":1,"d":[["a"," "],"d","d","d","d","d","d","d","d","d","d","d","d","d","d","d","d","d","d","d","d","d","d","d","d"],"B":[["a","0"],"d","d","d","d","d","d","d","d","d","d","d","d","d","d","d","d","d","d","d","d","d","d","d","d"],"y":1,"b":[["a","0"],"d","d","d","d","d","d","d","d","d","d","d","d","d","d","d","d","d","d","d","d","d","d","d","d"],"f":[["a","7"],"d","d","d","d","d","d","d","d","d","d","d","d","d","d","d","d","d","d","d","d","d","d","d","d"],"i":1,"U":[["a","0"],"d","d","d","d","d","d","d","d","d","d","d","d","d","d","d","d","d","d","d","d","d","d","d","d"],"t":1268496581.5896},{"x":1,"d":[[1,0,"~"],["cp",1,2],["cp",1,3],["cp",1,4],[5,0,"~"],[5,31,47,"VIM - Vi IMproved"],["cp",1,6],[7,0,"~"],[7,32,46,"version 7.2.245"],[8,0,"~"],[8,28,51,"by Bram Moolenaar et al."],[9,0,"~"],[9,18,60,"Vim is open source and freely distributable"],["cp",1,10],[11,0,"~"],[11,25,53,"Become a registered Vim user!"],[12,0,"~"],[12,17,61,"type  :help register<Enter>   for information"],["cp",1,13],[14,0,"~"],[14,17,31,"type  :q<Enter>"],[14,47,53,"to exit"],[15,0,"~"],[15,17,62,"type  :help<Enter>  or  <F1>  for on-line help"],[16,0,"~"],[16,17,62,"type  :help version7<Enter>   for version info"],["cp",1,17],["cp",1,18],["cp",1,19],["cp",1,20],[21,0,8,"[No Name]"],[21,62,66,"0,0-1"],[21,77,79,"All"]],"B":[[1,0,"1"],["cp",1,2],["cp",1,3],["cp",1,4],["cp",1,5],["cp",1,6],["cp",1,7],["cp",1,8],["cp",1,9],["cp",1,10],["cp",1,11],[12,0,"1"],[12,37,43,["a","1"]],["cp",1,13],[14,0,"1"],[14,25,31,["a","1"]],[15,0,"1"],[15,28,34,["a","1"]],[15,41,44,["a","1"]],["cp",12,16],["cp",1,17],["cp",1,18],["cp",1,19],["cp",1,20],[21,["a","1"]]],"y":1,"b":[[21,["a","7"]]],"f":[[21,["a","0"]]],"t":1268496581.59539},{"x":1,"d":[[21,64,66,"1  "],[23,0,11,"-- INSERT --"]],"B":[[23,0,11,["a","1"]]],"y":1,"t":1268496583.56335},{"x":2,"d":[[0,0,"z"],["cp",1,5],["cp",1,7],["cp",1,8],["cp",1,9],["cp",1,11],["cp",1,12],["cp",1,14],["cp",1,15],["cp",1,16],[21,10,12,"[+]"],[21,62,64,"1,2"]],"B":[["cp",1,12],["cp",1,14],["cp",1,15],["cp",1,16]],"y":1,"t":1268496583.92337},{"x":3,"d":[[0,1,"e"],[21,64,"3"]],"y":1,"t":1268496584.08735},{"x":4,"d":[[0,2,"n"],[21,64,"4"]],"y":1,"t":1268496584.35535},{"x":5,"d":[[0,3,"c"],[21,64,"5"]],"y":1,"t":1268496584.58735},{"x":6,"d":[[0,4,"o"],[21,64,"6"]],"y":1,"t":1268496584.67936},{"x":7,"d":[[0,5,"d"],[21,64,"7"]],"y":1,"t":1268496584.77936},{"x":8,"d":[[0,6,"i"],[21,64,"8"]],"y":1,"t":1268496584.89135},{"x":9,"d":[[0,7,"n"],[21,64,"9"]],"y":1,"t":1268496584.97935},{"x":10,"d":[[0,8,"g"],[21,64,65,"10"]],"y":1,"t":1268496585.07537},{"x":11,"d":[[0,9,"."],[21,65,"1"]],"y":1,"t":1268496585.25535},{"x":12,"d":[[0,10,"v"],[21,65,"2"]],"y":1,"t":1268496585.35935},{"x":13,"d":[[0,11,"i"],[21,65,"3"]],"y":1,"t":1268496585.47537},{"x":14,"d":[[0,12,"m"],[21,65,"4"]],"y":1,"t":1268496585.55935},{"x":15,"d":[[21,65,"5"]],"y":1,"t":1268496585.65935},{"x":16,"d":[[0,14,":"],[21,65,"6"]],"y":1,"t":1268496585.85935},{"x":17,"d":[[21,65,"7"]],"y":1,"t":1268496585.95935},{"x":18,"d":[[0,16,"h"],[21,65,"8"]],"y":1,"t":1268496586.19935},{"x":19,"d":[[0,17,"i"],[21,65,"9"]],"y":1,"t":1268496586.24335},{"x":20,"d":[[0,18,"g"],[21,64,65,"20"]],"y":1,"t":1268496586.33935},{"x":21,"d":[[0,19,"h"],[21,65,"1"]],"y":1,"t":1268496586.43935},{"x":22,"d":[[21,65,"2"]],"y":1,"t":1268496586.53135},{"x":23,"d":[[0,21,"s"],[21,65,"3"]],"y":1,"t":1268496586.71135},{"x":24,"d":[[0,22,"p"],[21,65,"4"]],"y":1,"t":1268496587.11535},{"x":25,"d":[[0,23,"e"],[21,65,"5"]],"y":1,"t":1268496587.23935},{"x":26,"d":[[0,24,"e"],[21,65,"6"]],"y":1,"t":1268496587.36335},{"x":27,"d":[[0,25,"d"],[21,65,"7"]],"y":1,"t":1268496587.58735},{"x":28,"d":[[21,65,"8"]],"y":1,"t":1268496587.69935},{"x":29,"d":[[0,27,"h"],[21,65,"9"]],"y":1,"t":1268496588.19935},{"x":30,"d":[[0,28,"t"],[21,64,65,"30"]],"y":1,"t":1268496588.30335},{"x":31,"d":[[0,29,"m"],[21,65,"1"]],"y":1,"t":1268496588.45535},{"x":32,"d":[[0,30,"l"],[21,65,"2"]],"y":1,"t":1268496588.48431},{"x":33,"d":[[21,65,"3"]],"y":1,"t":1268496588.67935},{"x":34,"d":[[0,32,"&"],[21,65,"4"]],"y":1,"t":1268496589.03935},{"x":35,"d":[[21,65,"5"]],"y":1,"t":1268496589.37935},{"x":36,"d":[[0,34,"c"],[21,65,"6"]],"y":1,"t":1268496589.71535},{"x":37,"d":[[0,35,"s"],[21,65,"7"]],"y":1,"t":1268496589.85935},{"x":38,"d":[[0,36,"s"],[21,65,"8"]],"y":1,"t":1268496590.04735},{"x":39,"d":[[21,65,"9"]],"y":1,"t":1268496590.26335},{"x":40,"d":[[0,38,"e"],[21,64,65,"40"]],"y":1,"t":1268496590.44335},{"x":41,"d":[[0,39,"d"],[21,65,"1"]],"y":1,"t":1268496590.62735},{"x":42,"d":[[0,40,"i"],[21,65,"2"]],"y":1,"t":1268496590.73535},{"x":43,"d":[[0,41,"t"],[21,65,"3"]],"y":1,"t":1268496590.89935},{"x":44,"d":[[0,42,"i"],[21,65,"4"]],"y":1,"t":1268496591.00737},{"x":45,"d":[[0,43,"n"],[21,65,"5"]],"y":1,"t":1268496591.09535},{"x":46,"d":[[0,44,"g"],[21,65,"6"]],"y":1,"t":1268496591.18335},{"x":47,"d":[[0,45,"."],[21,65,"7"]],"y":1,"t":1268496591.44335},{"x":1,"d":[["cp",22,1],[21,62,65,"2,1 "]],"B":[["cp",0,1]],"y":2,"t":1268496591.73935},{"x":1,"d":[["cp",1,2],[21,62,"3"]],"B":[["cp",0,2]],"y":3,"t":1268496594.52335},{"x":2,"d":[[2,0,"1"],[21,64,"2"]],"y":3,"t":1268496594.85535},{"x":3,"d":[[2,1,"."],[21,64,"3"]],"y":3,"t":1268496595.08735},{"x":4,"d":[[21,64,"4"]],"y":3,"t":1268496595.20735},{"x":5,"d":[[2,3,"e"],[21,64,"5"]],"y":3,"t":1268496595.83535},{"x":6,"d":[[2,4,"x"],[21,64,"6"]],"y":3,"t":1268496596.07935},{"x":7,"d":[[2,5,"p"],[21,64,"7"]],"y":3,"t":1268496596.51135},{"x":8,"d":[[2,6,"a"],[21,64,"8"]],"y":3,"t":1268496596.59135},{"x":9,"d":[[2,7,"n"],[21,64,"9"]],"y":3,"t":1268496596.94335},{"x":10,"d":[[2,8,"d"],[21,64,65,"10"]],"y":3,"t":1268496597.10735},{"x":11,"d":[[2,9,"i"],[21,65,"1"]],"y":3,"t":1268496597.20335},{"x":12,"d":[[2,10,"n"],[21,65,"2"]],"y":3,"t":1268496597.29229},{"x":13,"d":[[2,11,"g"],[21,65,"3"]],"y":3,"t":1268496597.39535},{"x":14,"d":[[21,65,"4"]],"y":3,"t":1268496597.4874},{"x":15,"d":[[2,13,"a"],[21,65,"5"]],"y":3,"t":1268496597.69135},{"x":16,"d":[[2,14,"b"],[21,65,"6"]],"y":3,"t":1268496597.97535},{"x":17,"d":[[2,15,"b"],[21,65,"7"]],"y":3,"t":1268496598.13135},{"x":18,"d":[[2,16,"r"],[21,65,"8"]],"y":3,"t":1268496598.55535},{"x":19,"d":[[2,17,"e"],[21,65,"9"]],"y":3,"t":1268496598.62335},{"x":20,"d":[[2,18,"v"],[21,64,65,"20"]],"y":3,"t":1268496599.24735},{"x":21,"d":[[2,19,"i"],[21,65,"1"]],"y":3,"t":1268496599.44335},{"x":22,"d":[[2,20,"a"],[21,65,"2"]],"y":3,"t":1268496599.69535},{"x":23,"d":[[2,21,"t"],[21,65,"3"]],"y":3,"t":1268496599.87535},{"x":24,"d":[[2,22,"i"],[21,65,"4"]],"y":3,"t":1268496599.95935},{"x":25,"d":[[2,23,"o"],[21,65,"5"]],"y":3,"t":1268496600.00746},{"x":26,"d":[[2,24,"n"],[21,65,"6"]],"y":3,"t":1268496600.11535},{"x":1,"d":[["cp",1,3],[21,62,65,"4,1 "]],"B":[["cp",0,3]],"y":4,"t":1268496600.78335},{"x":1,"d":[[23,0,11,["a"," "]],[23,69,70,"^["]],"B":[["cp",0,23]],"y":4,"t":1268496602.02734},{"x":2,"d":[[21,64,66,"0-1"],[22,0,":"],["cp",1,23]],"y":23,"t":1268496602.21935},{"x":3,"d":[[22,1,"s"]],"y":23,"t":1268496602.52335},{"x":4,"d":[[22,2,"e"]],"y":23,"t":1268496602.54336},{"x":5,"d":[[22,3,"t"]],"y":23,"t":1268496602.61935},{"x":6,"y":23,"t":1268496602.68335},{"x":7,"d":[[22,5,"f"]],"y":23,"t":1268496602.84335},{"x":8,"d":[[22,6,"t"]],"y":23,"t":1268496603.03935},{"x":9,"d":[[22,7,"="]],"y":23,"t":1268496603.32335},{"x":10,"d":[[22,8,"h"]],"y":23,"t":1268496603.82334},{"x":11,"d":[[22,9,"t"]],"y":23,"t":1268496603.93535},{"x":12,"d":[[22,10,"m"]],"y":23,"t":1268496604.11535},{"x":13,"d":[[22,11,"l"]],"y":23,"t":1268496604.17535},{"x":14,"y":23,"t":1268496605.05135},{"x":15,"d":[[22,13,"|"]],"y":23,"t":1268496606.70335},{"x":16,"y":23,"t":1268496606.92335},{"x":17,"d":[[22,15,"s"]],"y":23,"t":1268496607.12735},{"x":18,"d":[[22,16,"y"]],"y":23,"t":1268496607.20735},{"x":19,"d":[[22,17,"n"]],"y":23,"t":1268496607.41945},{"x":20,"y":23,"t":1268496607.59135},{"x":21,"d":[[22,19,"o"]],"y":23,"t":1268496607.75935},{"x":22,"d":[[22,20,"f"]],"y":23,"t":1268496607.86735},{"x":23,"d":[[22,21,"f"]],"y":23,"t":1268496608.01534},{"x":1,"d":[["r","zencoding.vim : high speed html & css editing.                                  "],["a"," "],["r","1. expanding abbreviation                                                       "],["a"," "],["r","~                                                                               "],"d","d","d","d","d","d","d","d","d","d","d","d","d","d","d","d",["r","[No Name] [+]                                                 4,0-1          All"],["r",":set ft=html | syn off                                                          "],["a"," "],"d"],"B":[["a","0"],"d","d","d",["r","10000000000000000000000000000000000000000000000000000000000000000000000000000000"],"d","d","d","d","d","d","d","d","d","d","d","d","d","d","d","d",["a","1"],["a","0"],"d","d"],"y":23,"b":[["a","0"],"d","d","d","d","d","d","d","d","d","d","d","d","d","d","d","d","d","d","d","d",["a","7"],["a","0"],"d","d"],"f":[["a","7"],"d","d","d","d","d","d","d","d","d","d","d","d","d","d","d","d","d","d","d","d",["a","0"],["a","7"],"d","d"],"i":1,"t":1268496608.16335,"U":[["a","0"],"d","d","d","d","d","d","d","d","d","d","d","d","d","d","d","d","d","d","d","d","d","d","d","d"]},{"x":1,"y":4,"t":1268496608.24337},{"x":1,"d":[["cp",1,4],[21,62,66,"5,1  "],[23,0,11,"-- INSERT --"]],"B":[["cp",0,4],[23,0,11,["a","1"]]],"y":5,"t":1268496609.67936},{"x":5,"d":[[21,64,66,"2-5"]],"y":5,"t":1268496609.93135},{"x":6,"d":[[4,4,"#"],[21,64,66,"3-6"]],"y":5,"t":1268496610.73935},{"x":7,"d":[[4,5,"h"],[21,64,66,"4-7"]],"y":5,"t":1268496611.02735},{"x":8,"d":[[4,6,"e"],[21,64,66,"5-8"]],"y":5,"t":1268496611.08735},{"x":9,"d":[[4,7,"a"],[21,64,66,"6-9"]],"y":5,"t":1268496611.19137},{"x":10,"d":[[4,8,"d"],[21,64,67,"7-10"]],"y":5,"t":1268496611.30335},{"x":11,"d":[[4,9,"e"],[21,64,67,"8-11"]],"y":5,"t":1268496611.47535},{"x":12,"d":[[4,10,"r"],[21,64,67,"9-12"]],"y":5,"t":1268496611.55135},{"x":13,"d":[[4,11,"+"],[21,64,68,"10-13"]],"y":5,"t":1268496611.83535},{"x":14,"d":[[4,12,"#"],[21,65,68,"1-14"]],"y":5,"t":1268496612.00335},{"x":15,"d":[[4,13,"c"],[21,65,68,"2-15"]],"y":5,"t":1268496612.27135},{"x":16,"d":[[4,14,"o"],[21,65,68,"3-16"]],"y":5,"t":1268496612.47135},{"x":17,"d":[[4,15,"n"],[21,65,68,"4-17"]],"y":5,"t":1268496612.57135},{"x":18,"d":[[4,16,"t"],[21,65,68,"5-18"]],"y":5,"t":1268496612.62735},{"x":19,"d":[[4,17,"e"],[21,65,68,"6-19"]],"y":5,"t":1268496612.67136},{"x":20,"d":[[4,18,"n"],[21,65,68,"7-20"]],"y":5,"t":1268496612.81536},{"x":21,"d":[[4,19,"t"],[21,65,68,"8-21"]],"y":5,"t":1268496612.87935},{"x":22,"d":[[4,20,"+"],[21,65,68,"9-22"]],"y":5,"t":1268496613.14735},{"x":23,"d":[[4,21,"#"],[21,64,68,"20-23"]],"y":5,"t":1268496613.28735},{"x":24,"d":[[4,22,"f"],[21,65,68,"1-24"]],"y":5,"t":1268496613.59135},{"x":25,"d":[[4,23,"o"],[21,65,68,"2-25"]],"y":5,"t":1268496613.69535},{"x":26,"d":[[4,24,"o"],[21,65,68,"3-26"]],"y":5,"t":1268496613.91535},{"x":27,"d":[[4,25,"t"],[21,65,68,"4-27"]],"y":5,"t":1268496614.05135},{"x":28,"d":[[4,26,"e"],[21,65,68,"5-28"]],"y":5,"t":1268496614.12335},{"x":29,"d":[[4,27,"r"],[21,65,68,"6-29"]],"y":5,"t":1268496614.21135},{"x":29,"d":[[23,69,70,"^Y"]],"y":5,"t":1268496616.56735},{"x":1,"d":[[21,65,68,"5-28"],[22,1,30,"call <SNR>49_zen_expandAbbr(0)"],["cp",1,23]],"B":[["cp",0,23]],"y":23,"t":1268496616.89533},{"x":22,"d":[[4,4,27,"<div id=\"header\"></div> "],[5,0,27,"    <div id=\"content\"></div>"],[6,0,26,"    <div id=\"footer\"></div>"],[21,64,68,"19-22"],[23,0,11,"-- INSERT --"]],"B":[["cp",0,5],["cp",0,6],[23,0,11,["a","1"]]],"y":5,"t":1268496616.89937},{"x":23,"d":[[4,21,27,"m</div>"],[21,64,68,"20-23"]],"y":5,"t":1268496618.49135},{"x":24,"d":[[4,22,28,"y</div>"],[21,65,68,"1-24"]],"y":5,"t":1268496618.73135},{"x":25,"d":[[4,23,29," </div>"],[21,65,68,"2-25"]],"y":5,"t":1268496618.84335},{"x":26,"d":[[4,24,30,"h</div>"],[21,65,68,"3-26"]],"y":5,"t":1268496619.04735},{"x":27,"d":[[4,25,31,"e</div>"],[21,65,68,"4-27"]],"y":5,"t":1268496619.11535},{"x":28,"d":[[4,26,32,"a</div>"],[21,65,68,"5-28"]],"y":5,"t":1268496619.26735},{"x":29,"d":[[4,27,33,"d</div>"],[21,65,68,"6-29"]],"y":5,"t":1268496619.35535},{"x":30,"d":[[4,28,34,"e</div>"],[21,65,68,"7-30"]],"y":5,"t":1268496619.52735},{"x":31,"d":[[4,29,35,"r</div>"],[21,65,68,"8-31"]],"y":5,"t":1268496619.61135},{"x":31,"d":[[23,69,70,"^Y"]],"y":5,"t":1268496620.49935},{"x":23,"d":[[21,62,68,"6,20-23"],[22,18,32,"moveNextPrev(0)"],[23,69,70,["a"," "]]],"y":6,"t":1268496621.13136},{"x":24,"d":[[5,22,28,"m</div>"],[21,65,68,"1-24"]],"y":6,"t":1268496622.22735},{"x":25,"d":[[5,23,29,"y</div>"],[21,65,68,"2-25"]],"y":6,"t":1268496622.57135},{"x":26,"d":[[5,24,30," </div>"],[21,65,68,"3-26"]],"y":6,"t":1268496622.67935},{"x":27,"d":[[5,25,31,"c</div>"],[21,65,68,"4-27"]],"y":6,"t":1268496622.89135},{"x":28,"d":[[5,26,32,"o</div>"],[21,65,68,"5-28"]],"y":6,"t":1268496623.05935},{"x":29,"d":[[5,27,33,"n</div>"],[21,65,68,"6-29"]],"y":6,"t":1268496623.15135},{"x":30,"d":[[5,28,34,"t</div>"],[21,65,68,"7-30"]],"y":6,"t":1268496623.23135},{"x":31,"d":[[5,29,35,"e</div>"],[21,65,68,"8-31"]],"y":6,"t":1268496623.30335},{"x":32,"d":[[5,30,36,"n</div>"],[21,65,68,"9-32"]],"y":6,"t":1268496623.43537},{"x":33,"d":[[5,31,37,"t</div>"],[21,64,68,"30-33"]],"y":6,"t":1268496623.52735},{"x":33,"d":[[23,69,70,"^Y"]],"y":6,"t":1268496624.60735},{"x":22,"d":[[21,62,68,"7,19-22"],[23,69,70,["a"," "]]],"y":7,"t":1268496625.02336},{"x":23,"d":[[6,21,27,"m</div>"],[21,64,68,"20-23"]],"y":7,"t":1268496626.03935},{"x":24,"d":[[6,22,28,"y</div>"],[21,65,68,"1-24"]],"y":7,"t":1268496626.37535},{"x":25,"d":[[6,23,29," </div>"],[21,65,68,"2-25"]],"y":7,"t":1268496626.47135},{"x":26,"d":[[6,24,30,"f</div>"],[21,65,68,"3-26"]],"y":7,"t":1268496627.3674},{"x":27,"d":[[6,25,31,"o</div>"],[21,65,68,"4-27"]],"y":7,"t":1268496627.45935},{"x":28,"d":[[6,26,32,"o</div>"],[21,65,68,"5-28"]],"y":7,"t":1268496627.69535},{"x":29,"d":[[6,27,33,"t</div>"],[21,65,68,"6-29"]],"y":7,"t":1268496627.89535},{"x":30,"d":[[6,28,34,"e</div>"],[21,65,68,"7-30"]],"y":7,"t":1268496627.99135},{"x":31,"d":[[6,29,35,"r</div>"],[21,65,68,"8-31"]],"y":7,"t":1268496628.12735},{"x":30,"d":[[23,0,11,["a"," "]],[23,69,70,"^["]],"B":[["cp",0,23]],"y":7,"t":1268496629.57535},{"x":5,"d":[["cp",1,7],[21,62,68,"8,2-5  "],["cp",1,22],[23,0,11,"-- INSERT --"],[23,69,70,["a"," "]]],"B":[["cp",0,7],[23,0,11,["a","1"]]],"y":8,"t":1268496630.41536},{"x":1,"d":[[21,64,66,"1  "]],"y":8,"t":1268496632.28735},{"x":5,"d":[["cp",1,8],[21,62,66,"9,2-5"]],"B":[["cp",0,8]],"y":9,"t":1268496633.89136},{"x":6,"d":[[8,4,"2"],[21,64,66,"3-6"]],"y":9,"t":1268496634.10735},{"x":5,"d":[["cp",1,8],[21,64,66,"2-5"]],"y":9,"t":1268496634.51135},{"x":1,"d":[[21,64,66,"1  "]],"y":9,"t":1268496634.61935},{"x":2,"d":[[8,0,"2"],[21,64,"2"]],"y":9,"t":1268496635.00735},{"x":3,"d":[[8,1,"."],[21,64,"3"]],"y":9,"t":1268496635.17535},{"x":4,"d":[[21,64,"4"]],"y":9,"t":1268496635.37535},{"x":5,"d":[[8,3,"w"],[21,64,"5"]],"y":9,"t":1268496640.42735},{"x":6,"d":[[8,4,"r"],[21,64,"6"]],"y":9,"t":1268496640.67935},{"x":7,"d":[[8,5,"a"],[21,64,"7"]],"y":9,"t":1268496640.75935},{"x":8,"d":[[8,6,"p"],[21,64,"8"]],"y":9,"t":1268496640.85535},{"x":9,"d":[[21,64,"9"]],"y":9,"t":1268496641.01935},{"x":10,"d":[[8,8,"w"],[21,64,65,"10"]],"y":9,"t":1268496641.13535},{"x":11,"d":[[8,9,"i"],[21,65,"1"]],"y":9,"t":1268496641.28737},{"x":12,"d":[[8,10,"t"],[21,65,"2"]],"y":9,"t":1268496641.37535},{"x":13,"d":[[8,11,"h"],[21,65,"3"]],"y":9,"t":1268496641.49535},{"x":14,"d":[[21,65,"4"]],"y":9,"t":1268496641.58335},{"x":15,"d":[[8,13,"a"],[21,65,"5"]],"y":9,"t":1268496641.94335},{"x":16,"d":[[8,14,"b"],[21,65,"6"]],"y":9,"t":1268496642.18335},{"x":17,"d":[[8,15,"b"],[21,65,"7"]],"y":9,"t":1268496642.35935},{"x":18,"d":[[8,16,"r"],[21,65,"8"]],"y":9,"t":1268496642.55535},{"x":19,"d":[[8,17,"e"],[21,65,"9"]],"y":9,"t":1268496642.62335},{"x":20,"d":[[8,18,"v"],[21,64,65,"20"]],"y":9,"t":1268496642.95935},{"x":21,"d":[[8,19,"i"],[21,65,"1"]],"y":9,"t":1268496643.11935},{"x":22,"d":[[8,20,"a"],[21,65,"2"]],"y":9,"t":1268496643.34335},{"x":23,"d":[[8,21,"t"],[21,65,"3"]],"y":9,"t":1268496643.51135},{"x":24,"d":[[8,22,"i"],[21,65,"4"]],"y":9,"t":1268496643.61535},{"x":25,"d":[[8,23,"o"],[21,65,"5"]],"y":9,"t":1268496643.68335},{"x":26,"d":[[8,24,"n"],[21,65,"6"]],"y":9,"t":1268496643.76335},{"x":1,"d":[["cp",1,9],[21,62,65,"10,1"]],"B":[["cp",0,9]],"y":10,"t":1268496644.47936},{"x":1,"d":[["cp",1,10],[21,63,"1"]],"B":[["cp",0,10]],"y":11,"t":1268496646.63136},{"x":5,"d":[[21,65,67,"2-5"]],"y":11,"t":1268496646.81135},{"x":6,"d":[[10,4,"t"],[21,65,67,"3-6"]],"y":11,"t":1268496647.19935},{"x":7,"d":[[10,5,"e"],[21,65,67,"4-7"]],"y":11,"t":1268496647.26335},{"x":8,"d":[["r","zencoding.vim : high speed html & css editing.                                  "],["a"," "],["r","1. expanding abbreviation                                                       "],["a"," "],["r","    <div id=\"header\">my header</div>                                            "],["r","    <div id=\"content\">my content</div>                                          "],["r","    <div id=\"footer\">my footer</div>                                            "],["a"," "],["r","2. wrap with abbreviation                                                       "],["a"," "],["r","    tes                                                                         "],["r","~                                                                               "],"d","d","d","d","d","d","d","d","d",["r","[No Name] [+]                                                 11,5-8         All"],["a"," "],["r","-- INSERT --                                                                    "],["a"," "]],"B":[["a","0"],"d","d","d","d","d","d","d","d","d","d",["r","10000000000000000000000000000000000000000000000000000000000000000000000000000000"],"d","d","d","d","d","d","d","d","d",["a","1"],["a","0"],["r","11111111111100000000000000000000000000000000000000000000000000000000000000000000"],["a","0"]],"y":11,"b":[["a","0"],"d","d","d","d","d","d","d","d","d","d","d","d","d","d","d","d","d","d","d","d",["a","7"],["a","0"],"d","d"],"f":[["a","7"],"d","d","d","d","d","d","d","d","d","d","d","d","d","d","d","d","d","d","d","d",["a","0"],["a","7"],"d","d"],"i":1,"t":1268496647.33137,"U":[["a","0"],"d","d","d","d","d","d","d","d","d","d","d","d","d","d","d","d","d","d","d","d","d","d","d","d"]},{"x":9,"d":[[10,7,"t"],[21,65,67,"6-9"]],"y":11,"t":1268496647.44735},{"x":10,"d":[[10,8,"1"],[21,65,68,"7-10"]],"y":11,"t":1268496648.14335},{"x":5,"d":[["cp",1,11],[21,63,68,"2,2-5 "]],"B":[["cp",0,11]],"y":12,"t":1268496648.41136},{"x":6,"d":[[11,4,"t"],[21,65,67,"3-6"]],"y":12,"t":1268496648.87535},{"x":7,"d":[[11,5,"e"],[21,65,67,"4-7"]],"y":12,"t":1268496648.94335},{"x":8,"d":[[11,6,"s"],[21,65,67,"5-8"]],"y":12,"t":1268496649.03135},{"x":9,"d":[[11,7,"t"],[21,65,67,"6-9"]],"y":12,"t":1268496649.10335},{"x":10,"d":[[11,8,"2"],[21,65,68,"7-10"]],"y":12,"t":1268496649.33535},{"x":5,"d":[["cp",1,12],[21,63,68,"3,2-5 "]],"B":[["cp",0,12]],"y":13,"t":1268496649.53936},{"x":6,"d":[[12,4,"t"],[21,65,67,"3-6"]],"y":13,"t":1268496649.93535},{"x":7,"d":[[12,5,"e"],[21,65,67,"4-7"]],"y":13,"t":1268496649.96738},{"x":8,"d":[[12,6,"s"],[21,65,67,"5-8"]],"y":13,"t":1268496650.07936},{"x":9,"d":[[12,7,"t"],[21,65,67,"6-9"]],"y":13,"t":1268496650.17135},{"x":10,"d":[[12,8,"3"],[21,65,68,"7-10"]],"y":13,"t":1268496650.41135},{"x":9,"d":[[23,0,11,["a"," "]],[23,69,70,"^["]],"B":[["cp",0,23]],"y":13,"t":1268496651.39135},{"x":4,"d":[[21,65,68,"1-4 "],["cp",1,23]],"y":13,"t":1268496652.03135},{"x":4,"d":[[21,63,"2"]],"y":12,"t":1268496652.28336},{"x":4,"d":[[21,63,"1"]],"y":11,"t":1268496652.47935},{"x":4,"d":[[23,0,16,"-- VISUAL LINE --"],[23,69,"1"]],"B":[[23,0,16,["a","1"]]],"y":11,"b":[[10,0,9,"7770777777"]],"f":[[10,0,9,"0007000000"]],"t":1268496652.87936},{"x":4,"d":[[21,63,"2"],[23,69,"2"]],"y":12,"b":[[10,3,"7"],[11,0,9,"7770777777"]],"f":[[10,3,"0"],[11,0,9,"0007000000"]],"t":1268496653.36735},{"x":4,"d":[[21,63,"3"],[23,69,"3"]],"y":13,"b":[["cp",10,11],[12,0,9,"7770777777"]],"f":[["cp",10,11],[12,0,9,"0007000000"]],"t":1268496653.49135},{"x":4,"d":[[23,69,70,"^Y"]],"y":13,"t":1268496654.67535},{"x":6,"d":[[22,0,3,"Tag:"],["cp",1,23]],"B":[["cp",0,23]],"y":23,"t":1268496655.01536},{"x":7,"d":[[22,5,"b"]],"y":23,"t":1268496656.75935},{"x":8,"d":[[22,6,"q"]],"y":23,"t":1268496656.99135},{"x":4,"d":[[10,4,15,"<blockquote>"],[11,4,12,"    test1"],[12,4,12,"    test2"],[13,0," "],[13,8,12,"test3"],[14,0,16,"    </blockquote>"],[21,63,"5"]],"B":[["cp",0,13],["cp",0,14]],"y":15,"b":[["cp",0,10],["cp",0,11],["cp",0,12]],"f":[["cp",0,10],["cp",0,11],["cp",0,12]],"t":1268496657.98176},{"x":5,"d":[["cp",1,15],[21,63,67,"6,2-5"],[23,0,11,"-- INSERT --"]],"B":[["cp",0,15],[23,0,11,["a","1"]]],"y":16,"t":1268496661.21536},{"x":5,"d":[["cp",1,16],[21,63,"7"]],"B":[["cp",0,16]],"y":17,"t":1268496661.64336},{"x":6,"d":[[16,4,"t"],[21,65,67,"3-6"]],"y":17,"t":1268496662.17935},{"x":7,"d":[[16,5,"e"],[21,65,67,"4-7"]],"y":17,"t":1268496662.23135},{"x":8,"d":[[16,6,"s"],[21,65,67,"5-8"]],"y":17,"t":1268496662.32735},{"x":9,"d":[[16,7,"t"],[21,65,67,"6-9"]],"y":17,"t":1268496662.41135},{"x":10,"d":[[16,8,"1"],[21,65,68,"7-10"]],"y":17,"t":1268496662.65535},{"x":5,"d":[["cp",1,17],[21,63,68,"8,2-5 "]],"B":[["cp",0,17]],"y":18,"t":1268496662.84336},{"x":6,"d":[[17,4,"t"],[21,65,67,"3-6"]],"y":18,"t":1268496663.07535},{"x":7,"d":[[17,5,"e"],[21,65,67,"4-7"]],"y":18,"t":1268496663.11935},{"x":8,"d":[[17,6,"s"],[21,65,67,"5-8"]],"y":18,"t":1268496663.17935},{"x":9,"d":[[17,7,"t"],[21,65,67,"6-9"]],"y":18,"t":1268496663.28735},{"x":10,"d":[[17,8,"2"],[21,65,68,"7-10"]],"y":18,"t":1268496663.49935},{"x":5,"d":[["cp",1,18],[21,63,68,"9,2-5 "]],"B":[["cp",0,18]],"y":19,"t":1268496663.65137},{"x":6,"d":[[18,4,"t"],[21,65,67,"3-6"]],"y":19,"t":1268496663.82735},{"x":7,"d":[[18,5,"e"],[21,65,67,"4-7"]],"y":19,"t":1268496663.86735},{"x":8,"d":[[18,6,"s"],[21,65,67,"5-8"]],"y":19,"t":1268496663.94337},{"x":9,"d":[[18,7,"t"],[21,65,67,"6-9"]],"y":19,"t":1268496664.04735},{"x":10,"d":[[18,8,"3"],[21,65,68,"7-10"]],"y":19,"t":1268496664.23135},{"x":5,"d":[["cp",1,19],[21,62,68,"20,2-5 "]],"B":[["cp",0,19]],"y":20,"t":1268496664.43936},{"x":1,"d":[[23,0,11,["a"," "]],[23,69,70,"^["]],"B":[["cp",0,23]],"y":20,"t":1268496665.29135},{"x":1,"d":[[21,65,67,"0-1"],["cp",1,22],["cp",1,23]],"y":20,"t":1268496666.29136},{"x":1,"d":[[23,69,"z"]],"y":20,"t":1268496668.49135},{"x":1,"d":[["cp",1,0],["cp",10,1],["cp",11,2],["cp",12,3],["cp",13,4],["cp",14,5],["cp",0,6],["cp",16,7],["cp",17,8],["cp",18,9],["cp",0,10],["cp",20,11],["cp",11,12],["cp",11,13],["cp",11,14],["cp",11,15],["cp",11,16],["cp",11,17],["cp",11,18],["cp",11,19],[21,77,79,"Bot"],["cp",0,23]],"B":[["cp",20,11],["cp",11,12],["cp",11,13],["cp",11,14],["cp",11,15],["cp",11,16],["cp",11,17],["cp",11,18],["cp",11,19]],"y":11,"t":1268496668.66735},{"x":5,"d":[[21,62,67,"19,2-5"]],"y":10,"t":1268496669.31935},{"x":5,"d":[[21,63,"8"]],"y":9,"t":1268496669.53535},{"x":5,"d":[[21,63,"7"]],"y":8,"t":1268496669.79535},{"x":5,"d":[[23,0,16,"-- VISUAL LINE --"],[23,69,"1"]],"B":[[23,0,16,["a","1"]]],"y":8,"b":[[7,0,9,"7777077777"]],"f":[[7,0,9,"0000700000"]],"t":1268496670.07535},{"x":5,"d":[[21,63,"8"],[23,69,"2"]],"y":9,"b":[[7,4,"7"],[8,0,9,"7777077777"]],"f":[[7,4,"0"],[8,0,9,"0000700000"]],"t":1268496670.36335},{"x":5,"d":[[21,63,"9"],[23,69,"3"]],"y":10,"b":[["cp",7,8],[9,0,9,"7777077777"]],"f":[["cp",7,8],[9,0,9,"0000700000"]],"t":1268496670.86335},{"x":5,"d":[[23,69,70,"^Y"]],"y":10,"t":1268496671.73935},{"x":6,"d":[[22,0,3,"Tag:"],["cp",0,23]],"B":[["cp",0,23]],"y":23,"t":1268496672.09935},{"x":7,"d":[[22,5,"u"]],"y":23,"t":1268496673.81935},{"x":8,"d":[[22,6,"l"]],"y":23,"t":1268496674.19135},{"x":9,"d":[[22,7,">"]],"y":23,"t":1268496674.54735},{"x":10,"d":[[22,8,"l"]],"y":23,"t":1268496674.83135},{"x":11,"d":[[22,9,"i"]],"y":23,"t":1268496674.91135},{"x":12,"d":[[22,10,"*"]],"y":23,"t":1268496675.37535},{"x":13,"d":[[22,11,"s"]],"y":23,"t":1268496675.95135},{"x":14,"d":[[22,12,"p"]],"y":23,"t":1268496676.08735},{"x":15,"d":[[22,13,"a"]],"y":23,"t":1268496676.27135},{"x":16,"d":[[22,14,"n"]],"y":23,"t":1268496676.35535},{"x":15,"d":[[22,14," "]],"y":23,"t":1268496677.75555},{"x":14,"d":[[22,13," "]],"y":23,"t":1268496678.03535},{"x":13,"d":[[22,12," "]],"y":23,"t":1268496678.16335},{"x":12,"d":[[22,11," "]],"y":23,"t":1268496678.33535},{"x":11,"d":[[22,10," "]],"y":23,"t":1268496678.5754},{"x":12,"d":[[22,10,"*"]],"y":23,"t":1268496679.20335},{"x":13,"d":[[22,11,">"]],"y":23,"t":1268496679.48335},{"x":14,"d":[[22,12,"s"]],"y":23,"t":1268496679.85535},{"x":15,"d":[[22,13,"p"]],"y":23,"t":1268496679.93535},{"x":16,"d":[[22,14,"a"]],"y":23,"t":1268496680.06735},{"x":17,"d":[[22,15,"n"]],"y":23,"t":1268496680.15935},{"x":18,"d":[[22,16,">"]],"y":23,"t":1268496680.49935},{"x":19,"d":[[22,17,"a"]],"y":23,"t":1268496680.85535},{"x":1,"y":23,"t":1268496681.95533},{"x":23,"d":[[7,4,8,"<ul> "],[8,4,9,"  <li>"],[9,4,40,"    <span><a href=\"\">test1</a></span>"],[10,6,10,"</li>"],["cp",8,11],[12,0," "],[12,8,40,"<span><a href=\"\">test2</a></span>"],["cp",10,13],["cp",8,14],[15,0," "],[15,8,40,"<span><a href=\"\">test3</a></span>"],["cp",10,16],[17,0,8,"    </ul>"],["cp",0,18],[21,66,69,"0-23"],["cp",0,22]],"B":[["cp",0,11],["cp",0,12],["cp",0,13],["cp",0,14],["cp",0,15],["cp",0,16],["cp",0,17],["cp",0,18]],"y":10,"b":[["cp",0,7],["cp",0,8],["cp",0,9]],"f":[["cp",0,7],["cp",0,8],["cp",0,9]],"t":1268496681.97538},{"x":1,"d":[[21,62,69,"28,0-1  "]],"y":19,"t":1268496688.33936},{"x":5,"d":[["cp",0,19],[21,63,67,"9,2-5"],[23,0,11,"-- INSERT --"]],"B":[["cp",0,19],[23,0,11,["a","1"]]],"y":20,"t":1268496694.83936},{"x":1,"d":[[21,65,67,"1  "]],"y":20,"t":1268496696.05535},{"x":2,"d":[[19,0,"3"],[21,65,"2"]],"y":20,"t":1268496697.22735},{"x":3,"d":[[19,1,"."],[21,65,"3"]],"y":20,"t":1268496697.59935},{"x":4,"d":[[21,65,"4"]],"y":20,"t":1268496697.75555},{"x":5,"d":[[19,3,"b"],[21,65,"5"]],"y":20,"t":1268496701.07135},{"x":6,"d":[[19,4,"a"],[21,65,"6"]],"y":20,"t":1268496701.18735},{"x":7,"d":[[19,5,"l"],[21,65,"7"]],"y":20,"t":1268496701.46335},{"x":8,"d":[[19,6,"a"],[21,65,"8"]],"y":20,"t":1268496701.54735},{"x":9,"d":[[19,7,"n"],[21,65,"9"]],"y":20,"t":1268496701.75555},{"x":10,"d":[[19,8,"c"],[21,65,66,"10"]],"y":20,"t":1268496702.11935},{"x":11,"d":[[19,9,"e"],[21,66,"1"]],"y":20,"t":1268496702.19935},{"x":12,"d":[[21,66,"2"]],"y":20,"t":1268496702.42736},{"x":13,"d":[[19,11,"t"],[21,66,"3"]],"y":20,"t":1268496702.63935},{"x":14,"d":[[19,12,"a"],[21,66,"4"]],"y":20,"t":1268496702.70735},{"x":15,"d":[["a"," "],["r","    <blockquote>                                                                "],["r","        test1                                                                   "],["r","        test2                                                                   "],["r","        test3                                                                   "],["r","    </blockquote>                                                               "],["a"," "],["r","    <ul>                                                                        "],["r","      <li>                                                                      "],["r","        <span><a href=\"\">test1</a></span>                                       "],["r","      </li>                                                                     "],["r","      <li>                                                                      "],["r","        <span><a href=\"\">test2</a></span>                                       "],["r","      </li>                                                                     "],["r","      <li>                                                                      "],["r","        <span><a href=\"\">test3</a></span>                                       "],["r","      </li>                                                                     "],["r","    </ul>                                                                       "],["a"," "],["r","3. balance tag                                                                  "],["r","~                                                                               "],["r","[No Name] [+]                                                 29,15          Bot"],["a"," "],["r","-- INSERT --                                                                    "],["a"," "]],"B":[["a","0"],"d","d","d","d","d","d","d","d","d","d","d","d","d","d","d","d","d","d","d",["r","10000000000000000000000000000000000000000000000000000000000000000000000000000000"],["a","1"],["a","0"],["r","11111111111100000000000000000000000000000000000000000000000000000000000000000000"],["a","0"]],"y":20,"b":[["a","0"],"d","d","d","d","d","d","d","d","d","d","d","d","d","d","d","d","d","d","d","d",["a","7"],["a","0"],"d","d"],"f":[["a","7"],"d","d","d","d","d","d","d","d","d","d","d","d","d","d","d","d","d","d","d","d",["a","0"],["a","7"],"d","d"],"i":1,"t":1268496702.89135,"U":[["a","0"],"d","d","d","d","d","d","d","d","d","d","d","d","d","d","d","d","d","d","d","d","d","d","d","d"]},{"x":16,"d":[[21,66,"6"]],"y":20,"t":1268496702.99535},{"x":17,"d":[[19,15,"i"],[21,66,"7"]],"y":20,"t":1268496703.51535},{"x":18,"d":[[19,16,"n"],[21,66,"8"]],"y":20,"t":1268496703.75135},{"x":19,"d":[[19,17,"w"],[21,66,"9"]],"y":20,"t":1268496704.05135},{"x":20,"d":[[19,18,"a"],[21,65,66,"20"]],"y":20,"t":1268496704.10735},{"x":21,"d":[[19,19,"r"],[21,66,"1"]],"y":20,"t":1268496704.24735},{"x":22,"d":[[19,20,"d"],[21,66,"2"]],"y":20,"t":1268496704.49135},{"x":23,"d":[[19,21,"/"],[21,66,"3"]],"y":20,"t":1268496704.68735},{"x":24,"d":[[19,22,"o"],[21,66,"4"]],"y":20,"t":1268496704.95535},{"x":25,"d":[[19,23,"u"],[21,66,"5"]],"y":20,"t":1268496705.04735},{"x":26,"d":[[19,24,"t"],[21,66,"6"]],"y":20,"t":1268496705.13937},{"x":27,"d":[[19,25,"w"],[21,66,"7"]],"y":20,"t":1268496705.41935},{"x":28,"d":[[19,26,"a"],[21,66,"8"]],"y":20,"t":1268496705.48735},{"x":29,"d":[[19,27,"r"],[21,66,"9"]],"y":20,"t":1268496705.66735},{"x":30,"d":[[19,28,"d"],[21,65,66,"30"]],"y":20,"t":1268496705.87535},{"x":29,"d":[[23,0,11,["a"," "]],[23,69,70,"^["]],"B":[["cp",0,23]],"y":20,"t":1268496707.37535},{"x":29,"d":[[21,65,66,"29"],["cp",0,23]],"y":20,"t":1268496708.37536},{"x":29,"d":[[23,69,"z"]],"y":20,"t":1268496708.60735},{"x":29,"d":[["cp",9,0],["cp",10,1],["cp",8,2],["cp",12,3],["cp",1,4],["cp",2,5],["cp",15,6],["cp",1,7],["cp",17,8],["cp",18,9],["cp",19,10],["cp",20,11],["cp",11,12],["cp",11,13],["cp",11,14],["cp",11,15],["cp",11,16],["cp",11,17],["cp",11,18],["cp",11,19],["cp",9,23]],"B":[["cp",20,11],["cp",11,12],["cp",11,13],["cp",11,14],["cp",11,15],["cp",11,16],["cp",11,17],["cp",11,18],["cp",11,19]],"y":11,"t":1268496708.80335},{"x":1,"d":[["cp",9,11],[21,62,66,"30,1 "],[23,0,11,"-- INSERT --"]],"B":[["cp",0,11],[23,0,11,["a","1"]]],"y":12,"t":1268496709.41136},{"x":1,"d":[["cp",9,12],[21,63,"1"]],"B":[["cp",0,12]],"y":13,"t":1268496709.93135},{"x":5,"d":[[21,65,67,"2-5"]],"y":13,"t":1268496710.55535},{"x":6,"d":[[12,4,"u"],[21,65,67,"3-6"]],"y":13,"t":1268496714.54735},{"x":7,"d":[[12,5,"l"],[21,65,67,"4-7"]],"y":13,"t":1268496714.67135},{"x":8,"d":[[12,6,">"],[21,65,67,"5-8"]],"y":13,"t":1268496715.00735},{"x":9,"d":[[12,7,"l"],[21,65,67,"6-9"]],"y":13,"t":1268496715.30735},{"x":10,"d":[[12,8,"i"],[21,65,68,"7-10"]],"y":13,"t":1268496715.38735},{"x":11,"d":[[12,9,"#"],[21,65,68,"8-11"]],"y":13,"t":1268496715.92335},{"x":12,"d":[[12,10,"f"],[21,65,68,"9-12"]],"y":13,"t":1268496716.75556},{"x":13,"d":[[12,11,"o"],[21,65,69,"10-13"]],"y":13,"t":1268496716.98735},{"x":14,"d":[[12,12,"o"],[21,66,69,"1-14"]],"y":13,"t":1268496717.17535},{"x":15,"d":[[12,13,"*"],[21,66,69,"2-15"]],"y":13,"t":1268496717.45135},{"x":16,"d":[[12,14,"*"],[21,66,69,"3-16"]],"y":13,"t":1268496717.67135},{"x":15,"d":[[12,14," "],[21,66,69,"2-15"]],"y":13,"t":1268496718.03535},{"x":14,"d":[[12,13," "],[21,66,69,"1-14"]],"y":13,"t":1268496718.14735},{"x":15,"d":[[12,13,"$"],[21,66,69,"2-15"]],"y":13,"t":1268496718.42335},{"x":16,"d":[[12,14,"$"],[21,66,69,"3-16"]],"y":13,"t":1268496718.60735},{"x":17,"d":[[12,15,"$"],[21,66,69,"4-17"]],"y":13,"t":1268496718.76735},{"x":17,"d":[[23,69,70,"^Y"]],"y":13,"t":1268496720.44335},{"x":17,"d":[[23,69,70,["a"," "]]],"y":13,"t":1268496721.44336},{"x":16,"d":[[12,15," "],[21,66,69,"3-16"]],"y":13,"t":1268496722.15935},{"x":17,"d":[[12,15,"$"],[21,66,69,"4-17"]],"y":13,"t":1268496722.75935},{"x":18,"d":[[12,16,"*"],[21,66,69,"5-18"]],"y":13,"t":1268496723.23135},{"x":19,"d":[[12,17,"3"],[21,66,69,"6-19"]],"y":13,"t":1268496723.60335},{"x":19,"d":[[23,69,70,"^Y"]],"y":13,"t":1268496724.09135},{"x":1,"d":[[21,66,69,"5-18"],[22,0,30,":call <SNR>49_zen_expandAbbr(0)"],["cp",9,23]],"B":[["cp",0,23]],"y":23,"t":1268496724.57135},{"x":23,"d":[[12,4,17,"<ul>          "],[13,0," "],[13,6,26,"<li id=\"foo001\"></li>"],[14,0," "],[14,6,26,"<li id=\"foo002\"></li>"],[15,0," "],[15,6,26,"<li id=\"foo003\"></li>"],["cp",8,16],[21,63,69,"2,20-23"],[23,0,11,"-- INSERT --"]],"B":[["cp",0,13],["cp",0,14],["cp",0,15],["cp",0,16],[23,0,11,["a","1"]]],"y":14,"t":1268496724.57937},{"x":22,"d":[[23,0,11,["a"," "]],[23,69,70,"^["]],"B":[["cp",0,23]],"y":14,"t":1268496726.49135},{"x":4,"d":[[21,65,69,"1-4  "],["cp",9,22],["cp",9,23]],"y":14,"t":1268496726.62335},{"x":4,"d":[[21,63,"3"]],"y":15,"t":1268496726.81536},{"x":4,"d":[[23,69,70,"^Y"]],"y":15,"t":1268496729.17135},{"x":9,"d":[[21,63,67,"5,6-9"],[22,0,30,":call <SNR>49_zen_balanceTag(0)"],[23,0,11,"-- VISUAL --"],[23,69,70,"5 "]],"B":[[23,0,11,["a","1"]]],"y":17,"b":[[12,4,8,["a","7"]],[13,0,27,["a","7"]],["cp",13,14],["cp",13,15],[16,0,7,["a","7"]]],"f":[[12,4,8,["a","0"]],[13,0,27,["a","0"]],["cp",13,14],["cp",13,15],[16,0,7,["a","0"]]],"t":1268496729.56336},{"x":9,"d":[[23,69,70,"^["]],"y":17,"t":1268496732.77535},{"x":9,"d":[[21,63,"4"],["cp",9,22],["cp",9,23]],"B":[["cp",0,23]],"y":16,"b":[["cp",0,12],["cp",0,13],["cp",0,14],["cp",0,15],["cp",0,16]],"f":[["cp",0,12],["cp",0,13],["cp",0,14],["cp",0,15],["cp",0,16]],"t":1268496733.25535},{"x":9,"d":[[21,63,"3"]],"y":15,"t":1268496733.79535},{"x":28,"d":[[21,65,69,"25-28"],[23,0,11,"-- INSERT --"]],"B":[[23,0,11,["a","1"]]],"y":15,"t":1268496734.19935},{"x":29,"d":[[21,66,69,"6-29"]],"y":15,"t":1268496734.54735},{"x":30,"d":[[21,66,69,"7-30"]],"y":15,"t":1268496735.21535},{"x":29,"d":[[23,0,11,["a"," "]],[23,69,70,"^["]],"B":[["cp",0,23]],"y":15,"t":1268496735.75135},{"x":29,"d":[[21,66,69,"6-29"],["cp",9,23]],"y":15,"t":1268496736.75136},{"x":29,"d":[[23,69,70,"^Y"]],"y":15,"t":1268496737.19135},{"x":9,"d":[[21,63,69,"5,6-9  "],[22,0,30,":call <SNR>49_zen_balanceTag(0)"],[23,0,11,"-- VISUAL --"],[23,69,70,"5 "]],"B":[[23,0,11,["a","1"]]],"y":17,"b":[[12,4,8,["a","7"]],[13,0,27,["a","7"]],[14,0,29,["a","7"]],["cp",13,15],[16,0,7,["a","7"]]],"f":[[12,4,8,["a","0"]],[13,0,27,["a","0"]],[14,0,29,["a","0"]],["cp",13,15],[16,0,7,["a","0"]]],"t":1268496737.65136},{"x":9,"d":[[23,69,70,"^["]],"y":17,"t":1268496739.59135},{"x":9,"d":[[21,63,"4"],["cp",9,22],["cp",9,23]],"B":[["cp",0,23]],"y":16,"b":[["cp",0,12],["cp",0,13],["cp",0,14],["cp",0,15],["cp",0,16]],"f":[["cp",0,12],["cp",0,13],["cp",0,14],["cp",0,15],["cp",0,16]],"t":1268496739.87135},{"x":9,"d":[[21,63,"3"]],"y":15,"t":1268496740.87535},{"x":29,"d":[[21,65,69,"26-29"]],"y":15,"t":1268496741.21535},{"x":29,"d":[[23,69,70,"^Y"]],"y":15,"t":1268496742.57535},{"x":9,"d":[[21,63,69,"5,6-9  "],[22,0,30,":call <SNR>49_zen_balanceTag(0)"],[23,0,11,"-- VISUAL --"],[23,69,70,"5 "]],"B":[[23,0,11,["a","1"]]],"y":17,"b":[[12,4,8,["a","7"]],[13,0,27,["a","7"]],[14,0,29,["a","7"]],["cp",13,15],[16,0,7,["a","7"]]],"f":[[12,4,8,["a","0"]],[13,0,27,["a","0"]],[14,0,29,["a","0"]],["cp",13,15],[16,0,7,["a","0"]]],"t":1268496742.94336},{"x":28,"d":[[21,63,69,"4,25-28"],[23,69,"4"]],"y":16,"b":[[15,27,"0"],["cp",0,16]],"f":[[15,27,"7"],["cp",0,16]],"t":1268496743.89135},{"x":28,"d":[[23,69,70,"^["]],"y":16,"t":1268496744.27935},{"x":27,"d":[[21,63,69,"3,24-27"],["cp",9,22],["cp",9,23]],"B":[["cp",0,23]],"y":15,"b":[["cp",0,12],["cp",0,13],["cp",0,14],["cp",0,15]],"f":[["cp",0,12],["cp",0,13],["cp",0,14],["cp",0,15]],"t":1268496744.58735},{"x":29,"d":[[21,66,69,"6-29"]],"y":15,"t":1268496745.33535},{"x":29,"d":[[23,69,70,"^Y"]],"y":15,"t":1268496746.26735},{"x":4,"d":[[21,63,69,"5,1-4  "],[22,0,30,":call <SNR>49_zen_balanceTag(1)"],[23,0,11,"-- VISUAL --"],[23,69,70,"4 "]],"B":[[23,0,11,["a","1"]]],"y":17,"b":[[13,4,27,["a","7"]],[14,0,29,["a","7"]],[15,0,27,["a","7"]],[16,0,2,["a","7"]]],"f":[[13,4,27,["a","0"]],[14,0,29,["a","0"]],[15,0,27,["a","0"]],[16,0,2,["a","0"]]],"t":1268496746.82336},{"x":4,"d":[[23,69,70,"^["]],"y":17,"t":1268496748.67535},{"x":4,"d":[["cp",9,22],["cp",9,23]],"B":[["cp",0,23]],"y":17,"b":[["cp",0,13],["cp",0,14],["cp",0,15],["cp",0,16]],"f":[["cp",0,13],["cp",0,14],["cp",0,15],["cp",0,16]],"t":1268496748.90735},{"x":4,"d":[[21,63,"4"]],"y":16,"t":1268496749.55135},{"x":4,"d":[[21,63,"3"]],"y":15,"t":1268496750.20735},{"x":4,"d":[[21,63,"4"]],"y":16,"t":1268496750.51135},{"x":4,"d":[[23,69,70,"^Y"]],"y":16,"t":1268496751.57535},{"x":4,"d":[[21,63,"5"],[22,0,30,":call <SNR>49_zen_balanceTag(1)"],[23,0,11,"-- VISUAL --"],[23,69,70,"4 "]],"B":[[23,0,11,["a","1"]]],"y":17,"b":[[13,4,27,["a","7"]],[14,0,29,["a","7"]],[15,0,27,["a","7"]],[16,0,2,["a","7"]]],"f":[[13,4,27,["a","0"]],[14,0,29,["a","0"]],[15,0,27,["a","0"]],[16,0,2,["a","0"]]],"t":1268496752.11936},{"x":5,"d":[["cp",8,13],["cp",17,14],["cp",14,15],["cp",14,16],[21,63,67,"2,2-5"],[22,0,30,"3 fewer lines                  "],["cp",9,23]],"B":[["cp",17,14],["cp",14,15],["cp",14,16],["cp",0,23]],"y":14,"b":[["cp",0,13],["cp",0,14],["cp",0,15],["cp",0,16]],"f":[["cp",0,13],["cp",0,14],["cp",0,15],["cp",0,16]],"t":1268496753.43536},{"x":5,"d":[[23,69,70,"^["]],"y":14,"t":1268496754.35135},{"x":5,"d":[[13,4,26,"  <li id=\"foo001\"></li>"],[14,0," "],[14,6,26,"<li id=\"foo002\"></li>"],[15,0," "],[15,6,26,"<li id=\"foo003\"></li>"],["cp",8,16],[22,2,38,"more lines; before #14  1 seconds ago"],["cp",9,23]],"B":[["cp",0,14],["cp",0,15],["cp",0,16]],"y":14,"t":1268496754.48336},{"x":5,"d":[[21,63,"3"]],"y":15,"t":1268496755.23135},{"x":5,"d":[[21,63,"4"]],"y":16,"t":1268496755.40735},{"x":5,"d":[[21,63,"5"]],"y":17,"t":1268496755.63135},{"x":5,"d":[["cp",9,17],[21,63,"6"],[23,0,11,"-- INSERT --"]],"B":[["cp",0,17],[23,0,11,["a","1"]]],"y":18,"t":1268496756.08659},{"x":1,"d":[[23,0,11,["a"," "]],[23,69,70,"^["]],"B":[["cp",0,23]],"y":18,"t":1268496756.53535},{"x":1,"d":[[21,65,67,"0-1"],["cp",9,22],["cp",9,23]],"y":18,"t":1268496757.53537},{"x":1,"y":18,"t":1268496762.45935},{"x":5,"d":[["cp",9,18],[21,63,67,"7,2-5"],[23,0,11,"-- INSERT --"]],"B":[["cp",0,18],[23,0,11,["a","1"]]],"y":19,"t":1268496762.95136},{"x":1,"d":[[21,65,67,"1  "]],"y":19,"t":1268496764.11935},{"x":2,"d":[[18,0,"4"],[21,65,"2"]],"y":19,"t":1268496770.61535},{"x":3,"d":[[18,1,"."],[21,65,"3"]],"y":19,"t":1268496770.91135},{"x":4,"d":[[21,65,"4"]],"y":19,"t":1268496771.17935},{"x":5,"d":[[18,3,"g"],[21,65,"5"]],"y":19,"t":1268496777.46335},{"x":6,"d":[[18,4,"o"],[21,65,"6"]],"y":19,"t":1268496777.64335},{"x":7,"d":[[21,65,"7"]],"y":19,"t":1268496777.81542},{"x":8,"d":[["r","        <span><a href=\"\">test1</a></span>                                       "],["r","      </li>                                                                     "],["r","      <li>                                                                      "],["r","        <span><a href=\"\">test2</a></span>                                       "],["r","      </li>                                                                     "],["r","      <li>                                                                      "],["r","        <span><a href=\"\">test3</a></span>                                       "],["r","      </li>                                                                     "],["r","    </ul>                                                                       "],["a"," "],["r","3. balance tag inward/outward                                                   "],["a"," "],["r","    <ul>                                                                        "],["r","      <li id=\"foo001\"></li>                                                     "],["r","      <li id=\"foo002\"></li>                                                     "],["r","      <li id=\"foo003\"></li>                                                     "],["r","    </ul>                                                                       "],["a"," "],["r","4. go t                                                                         "],["r","~                                                                               "],"d",["r","[No Name] [+]                                                 37,8           Bot"],["a"," "],["r","-- INSERT --                                                                    "],["a"," "]],"B":[["a","0"],"d","d","d","d","d","d","d","d","d","d","d","d","d","d","d","d","d","d",["r","10000000000000000000000000000000000000000000000000000000000000000000000000000000"],"d",["a","1"],["a","0"],["r","11111111111100000000000000000000000000000000000000000000000000000000000000000000"],["a","0"]],"y":19,"b":[["a","0"],"d","d","d","d","d","d","d","d","d","d","d","d","d","d","d","d","d","d","d","d",["a","7"],["a","0"],"d","d"],"f":[["a","7"],"d","d","d","d","d","d","d","d","d","d","d","d","d","d","d","d","d","d","d","d",["a","0"],["a","7"],"d","d"],"i":1,"t":1268496778.93135,"U":[["a","0"],"d","d","d","d","d","d","d","d","d","d","d","d","d","d","d","d","d","d","d","d","d","d","d","d"]},{"x":9,"d":[[18,7,"o"],[21,65,"9"]],"y":19,"t":1268496779.05535},{"x":10,"d":[[21,65,66,"10"]],"y":19,"t":1268496779.14335},{"x":11,"d":[[18,9,"n"],[21,66,"1"]],"y":19,"t":1268496779.51135},{"x":12,"d":[[18,10,"e"],[21,66,"2"]],"y":19,"t":1268496779.58735},{"x":13,"d":[[18,11,"x"],[21,66,"3"]],"y":19,"t":1268496779.79135},{"x":14,"d":[[18,12,"t"],[21,66,"4"]],"y":19,"t":1268496780.12735},{"x":15,"d":[[18,13,"/"],[21,66,"5"]],"y":19,"t":1268496780.31935},{"x":16,"d":[[18,14,"p"],[21,66,"6"]],"y":19,"t":1268496780.98335},{"x":17,"d":[[18,15,"r"],[21,66,"7"]],"y":19,"t":1268496781.17135},{"x":18,"d":[[18,16,"e"],[21,66,"8"]],"y":19,"t":1268496781.22735},{"x":19,"d":[[18,17,"v"],[21,66,"9"]],"y":19,"t":1268496781.44335},{"x":20,"d":[[18,18,"i"],[21,65,66,"20"]],"y":19,"t":1268496781.53935},{"x":21,"d":[[18,19,"o"],[21,66,"1"]],"y":19,"t":1268496781.82735},{"x":22,"d":[[18,20,"u"],[21,66,"2"]],"y":19,"t":1268496781.90735},{"x":23,"d":[[18,21,"s"],[21,66,"3"]],"y":19,"t":1268496782.01136},{"x":24,"d":[[21,66,"4"]],"y":19,"t":1268496782.12735},{"x":25,"d":[[18,23,"e"],[21,66,"5"]],"y":19,"t":1268496782.44735},{"x":26,"d":[[18,24,"d"],[21,66,"6"]],"y":19,"t":1268496782.61535},{"x":27,"d":[[18,25,"i"],[21,66,"7"]],"y":19,"t":1268496782.76335},{"x":28,"d":[[18,26,"t"],[21,66,"8"]],"y":19,"t":1268496782.89935},{"x":29,"d":[[18,27,"i"],[21,66,"9"]],"y":19,"t":1268496783.01937},{"x":30,"d":[[18,28,"n"],[21,65,66,"30"]],"y":19,"t":1268496783.11535},{"x":31,"d":[[18,29,"g"],[21,66,"1"]],"y":19,"t":1268496783.18735},{"x":32,"d":[[21,66,"2"]],"y":19,"t":1268496783.27135},{"x":33,"d":[[18,31,"p"],[21,66,"3"]],"y":19,"t":1268496783.43935},{"x":34,"d":[[18,32,"o"],[21,66,"4"]],"y":19,"t":1268496783.52336},{"x":35,"d":[[18,33,"i"],[21,66,"5"]],"y":19,"t":1268496783.63135},{"x":36,"d":[[18,34,"n"],[21,66,"6"]],"y":19,"t":1268496783.77935},{"x":37,"d":[[18,35,"t"],[21,66,"7"]],"y":19,"t":1268496783.84335},{"x":38,"d":[[18,36,"."],[21,66,"8"]],"y":19,"t":1268496784.18735},{"x":37,"d":[[18,36," "],[21,66,"7"]],"y":19,"t":1268496784.72736},{"x":36,"d":[[23,0,11,["a"," "]],[23,69,70,"^["]],"B":[["cp",0,23]],"y":19,"t":1268496785.09535},{"x":1,"d":[["cp",9,19],[21,63,66,"8,1 "],[23,0,11,"-- INSERT --"],[23,69,70,["a"," "]]],"B":[["cp",0,19],[23,0,11,["a","1"]]],"y":20,"t":1268496785.55536},{"x":1,"d":[["cp",9,20],[21,63,"9"]],"B":[["cp",0,20]],"y":21,"t":1268496785.90336},{"x":1,"d":[[23,0,11,["a"," "]],[23,69,70,"^["]],"B":[["cp",0,23]],"y":21,"t":1268496788.34735},{"x":1,"d":[[21,65,67,"0-1"],[23,69,70,"z "]],"y":21,"t":1268496788.89935},{"x":1,"d":[["cp",10,0],["cp",9,1],["cp",12,2],["cp",13,3],["cp",14,4],["cp",15,5],["cp",8,6],["cp",1,7],["cp",18,8],["cp",1,10],[11,0,"~"],["cp",11,12],["cp",11,13],["cp",11,14],["cp",11,15],["cp",11,16],["cp",11,17],["cp",11,18],["cp",11,19],["cp",11,20],["cp",1,23]],"B":[[11,0,"1"],["cp",11,12],["cp",11,13],["cp",11,14],["cp",11,15],["cp",11,16],["cp",11,17],["cp",11,18],["cp",11,19],["cp",11,20]],"y":11,"t":1268496789.11935},{"x":1,"d":[["cp",1,11],[21,62,67,"40,1  "],[23,0,11,"-- INSERT --"]],"B":[["cp",0,11],[23,0,11,["a","1"]]],"y":12,"t":1268496790.17936},{"x":5,"d":[[21,65,67,"2-5"]],"y":12,"t":1268496790.49135},{"x":1,"d":[[21,65,67,"1  "]],"y":12,"t":1268496791.00335},{"x":1,"d":[["cp",12,11],[21,62,63,"39"]],"B":[["cp",12,11]],"y":11,"t":1268496791.22335},{"x":5,"d":[[21,65,67,"2-5"]],"y":11,"t":1268496791.57935},{"x":6,"d":[[10,4,"u"],[21,65,67,"3-6"]],"y":11,"t":1268496792.15535},{"x":7,"d":[[10,5,"l"],[21,65,67,"4-7"]],"y":11,"t":1268496792.27935},{"x":8,"d":[[10,6,">"],[21,65,67,"5-8"]],"y":11,"t":1268496793.26335},{"x":9,"d":[[10,7,"l"],[21,65,67,"6-9"]],"y":11,"t":1268496793.73535},{"x":10,"d":[[10,8,"i"],[21,65,68,"7-10"]],"y":11,"t":1268496793.86335},{"x":11,"d":[[10,9,"#"],[21,65,68,"8-11"]],"y":11,"t":1268496795.25136},{"x":12,"d":[[10,10,"f"],[21,65,68,"9-12"]],"y":11,"t":1268496796.25535},{"x":13,"d":[[10,11,"o"],[21,65,69,"10-13"]],"y":11,"t":1268496796.4236},{"x":14,"d":[[10,12,"o"],[21,66,69,"1-14"]],"y":11,"t":1268496796.63135},{"x":15,"d":[[10,13,"$"],[21,66,69,"2-15"]],"y":11,"t":1268496797.14735},{"x":16,"d":[[10,14,"$"],[21,66,69,"3-16"]],"y":11,"t":1268496797.35935},{"x":17,"d":[[10,15,"$"],[21,66,69,"4-17"]],"y":11,"t":1268496797.55935},{"x":18,"d":[[10,16,"*"],[21,66,69,"5-18"]],"y":11,"t":1268496797.87135},{"x":19,"d":[[10,17,"3"],[21,66,69,"6-19"]],"y":11,"t":1268496798.34735},{"x":19,"d":[[23,69,70,"^Y"]],"y":11,"t":1268496799.27135},{"x":1,"d":[[21,66,69,"5-18"],[22,0,30,":call <SNR>49_zen_expandAbbr(0)"],["cp",1,23]],"B":[["cp",0,23]],"y":23,"t":1268496799.60334},{"x":23,"d":[["cp",2,10],["cp",3,11],["cp",4,12],["cp",5,13],["cp",6,14],[21,62,69,"40,20-23"],[23,0,11,"-- INSERT --"]],"B":[["cp",0,11],["cp",0,12],["cp",0,13],["cp",0,14],[23,0,11,["a","1"]]],"y":12,"t":1268496799.60736},{"x":22,"d":[[23,0,11,["a"," "]],[23,69,70,"^["]],"B":[["cp",0,23]],"y":12,"t":1268496800.96735},{"x":8,"d":[[21,62,69,"39,5-8  "],["cp",1,22],["cp",1,23]],"y":11,"t":1268496801.30735},{"x":8,"d":[[23,69,70,"^Y"]],"y":11,"t":1268496803.52734},{"x":23,"d":[[21,62,69,"40,20-23"],[22,0,32,":call <SNR>49_zen_moveNextPrev(0)"],[23,0,11,"-- INSERT --"],[23,69,70,["a"," "]]],"B":[[23,0,11,["a","1"]]],"y":12,"t":1268496804.19536},{"x":24,"d":[[11,22,27,"f</li>"],[21,66,69,"1-24"]],"y":12,"t":1268496805.64735},{"x":25,"d":[[11,23,28,"o</li>"],[21,66,69,"2-25"]],"y":12,"t":1268496806.00458},{"x":26,"d":[[11,24,29,"o</li>"],[21,66,69,"3-26"]],"y":12,"t":1268496806.19935},{"x":26,"d":[[23,69,70,"^Y"]],"y":12,"t":1268496807.43934},{"x":23,"d":[[21,63,69,"1,20-23"],[23,69,70,["a"," "]]],"y":13,"t":1268496808.05936},{"x":24,"d":[[12,22,27,"b</li>"],[21,66,69,"1-24"]],"y":13,"t":1268496808.58335},{"x":25,"d":[[12,23,28,"a</li>"],[21,66,69,"2-25"]],"y":13,"t":1268496808.64735},{"x":26,"d":[[12,24,29,"r</li>"],[21,66,69,"3-26"]],"y":13,"t":1268496808.77935},{"x":26,"d":[[23,69,70,"^Y"]],"y":13,"t":1268496809.98335},{"x":23,"d":[[21,63,69,"2,20-23"],[23,69,70,["a"," "]]],"y":14,"t":1268496810.36736},{"x":24,"d":[[13,22,27,"b</li>"],[21,66,69,"1-24"]],"y":14,"t":1268496811.07935},{"x":25,"d":[[13,23,28,"a</li>"],[21,66,69,"2-25"]],"y":14,"t":1268496811.11935},{"x":26,"d":[[13,24,29,"z</li>"],[21,66,69,"3-26"]],"y":14,"t":1268496811.41554},{"x":25,"d":[[23,0,11,["a"," "]],[23,69,70,"^["]],"B":[["cp",0,23]],"y":14,"t":1268496815.21535},{"x":23,"d":[["cp",5,13],[21,66,69,"0-23"],[22,0,34,"1 change; before #22  4 seconds ago"],["cp",1,23]],"y":14,"t":1268496815.88736},{"x":23,"d":[["cp",4,12],[21,63,"1"],[22,19,22,"1  8"]],"y":13,"t":1268496816.29536},{"x":23,"d":[["cp",3,11],[21,63,"0"],[22,19,35,"0  11 seconds ago"]],"y":12,"t":1268496816.64335},{"x":23,"d":[[21,63,"1"]],"y":13,"t":1268496817.71535},{"x":23,"d":[[21,63,"2"]],"y":14,"t":1268496817.88735},{"x":9,"d":[[21,63,69,"3,6-9  "]],"y":15,"t":1268496818.02739},{"x":9,"d":[[23,69,70,"^Y"]],"y":15,"t":1268496819.53935},{"x":23,"d":[[21,63,69,"2,20-23"],[22,0,35,":call <SNR>49_zen_moveNextPrev(1)   "],[23,0,11,"-- INSERT --"],[23,69,70,["a"," "]]],"B":[[23,0,11,["a","1"]]],"y":14,"t":1268496820.00336},{"x":24,"d":[[13,22,27,"f</li>"],[21,66,69,"1-24"]],"y":14,"t":1268496822.13935},{"x":25,"d":[[13,23,28,"o</li>"],[21,66,69,"2-25"]],"y":14,"t":1268496822.25935},{"x":26,"d":[[13,24,29,"o</li>"],[21,66,69,"3-26"]],"y":14,"t":1268496822.64735},{"x":26,"d":[[23,69,70,"^Y"]],"y":14,"t":1268496823.83535},{"x":23,"d":[[21,63,69,"1,20-23"],[23,69,70,["a"," "]]],"y":13,"t":1268496824.28336},{"x":24,"d":[[12,22,27,"b</li>"],[21,66,69,"1-24"]],"y":13,"t":1268496825.13935},{"x":25,"d":[[12,23,28,"a</li>"],[21,66,69,"2-25"]],"y":13,"t":1268496825.21935},{"x":26,"d":[[12,24,29,"r</li>"],[21,66,69,"3-26"]],"y":13,"t":1268496825.31935},{"x":26,"d":[[23,69,70,"^Y"]],"y":13,"t":1268496826.62335},{"x":23,"d":[[21,63,69,"0,20-23"],[23,69,70,["a"," "]]],"y":12,"t":1268496827.14338},{"x":24,"d":[[11,22,27,"b</li>"],[21,66,69,"1-24"]],"y":12,"t":1268496827.78335},{"x":25,"d":[[11,23,28,"a</li>"],[21,66,69,"2-25"]],"y":12,"t":1268496827.82335},{"x":26,"d":[[11,24,29,"z</li>"],[21,66,69,"3-26"]],"y":12,"t":1268496828.10735},{"x":25,"d":[[23,0,11,["a"," "]],[23,69,70,"^["]],"B":[["cp",0,23]],"y":12,"t":1268496829.13535},{"x":5,"d":[["r","3. balance tag inward/outward                                                   "],["a"," "],["r","    <ul>                                                                        "],["r","      <li id=\"foo001\"></li>                                                     "],["r","      <li id=\"foo002\"></li>                                                     "],["r","      <li id=\"foo003\"></li>                                                     "],["r","    </ul>                                                                       "],["a"," "],["r","4. go to next/previous editing point                                            "],["a"," "],["r","    <ul>                                                                        "],["r","      <li id=\"foo001\">baz</li>                                                  "],["r","      <li id=\"foo002\">bar</li>                                                  "],["r","      <li id=\"foo003\">foo</li>                                                  "],["r","    </ul>                                                                       "],["r","~                                                                               "],"d","d","d","d","d",["r","[No Name] [+]                                                 43,2-5         Bot"],["a"," "],"d","d"],"B":[["a","0"],"d","d","d","d","d","d","d","d","d","d","d","d","d","d",["r","10000000000000000000000000000000000000000000000000000000000000000000000000000000"],"d","d","d","d","d",["a","1"],["a","0"],"d","d"],"y":15,"b":[["a","0"],"d","d","d","d","d","d","d","d","d","d","d","d","d","d","d","d","d","d","d","d",["a","7"],["a","0"],"d","d"],"f":[["a","7"],"d","d","d","d","d","d","d","d","d","d","d","d","d","d","d","d","d","d","d","d",["a","0"],["a","7"],"d","d"],"i":1,"t":1268496829.67135,"U":[["a","0"],"d","d","d","d","d","d","d","d","d","d","d","d","d","d","d","d","d","d","d","d","d","d","d","d"]},{"x":5,"d":[["cp",1,15],[21,63,"4"],[23,0,11,"-- INSERT --"]],"B":[["cp",0,15],[23,0,11,["a","1"]]],"y":16,"t":1268496830.30736},{"x":1,"d":[[23,0,11,["a"," "]],[23,69,70,"^["]],"B":[["cp",0,23]],"y":16,"t":1268496830.93935},{"x":5,"d":[["cp",1,16],[21,63,"5"],[23,0,11,"-- INSERT --"],[23,69,70,["a"," "]]],"B":[["cp",0,16],[23,0,11,["a","1"]]],"y":17,"t":1268496831.10336},{"x":1,"d":[[21,65,67,"1  "]],"y":17,"t":1268496832.17135},{"x":2,"d":[[16,0,"5"],[21,65,"2"]],"y":17,"t":1268496832.57935},{"x":3,"d":[[16,1,"."],[21,65,"3"]],"y":17,"t":1268496833.62735},{"x":4,"d":[[21,65,"4"]],"y":17,"t":1268496833.80735},{"x":3,"d":[[23,0,11,["a"," "]],[23,69,70,"^["]],"B":[["cp",0,23]],"y":17,"t":1268496835.13135},{"x":3,"d":[[21,65,"3"],[23,69,70,"z "]],"y":17,"t":1268496835.45936},{"x":3,"d":[["cp",6,0],["cp",8,2],["cp",1,3],["cp",10,4],["cp",11,5],["cp",12,6],["cp",13,7],["cp",0,8],["cp",16,10],["cp",17,11],["cp",11,12],["cp",11,13],["cp",11,14],["cp",11,15],["cp",11,16],["cp",1,23]],"B":[["cp",17,11],["cp",11,12],["cp",11,13],["cp",11,14],["cp",11,15],["cp",11,16]],"y":11,"t":1268496835.62335},{"x":4,"d":[[21,65,"4"],[23,0,11,"-- INSERT --"]],"B":[[23,0,11,["a","1"]]],"y":11,"t":1268496836.15535},{"x":5,"d":[[10,3,"u"],[21,65,"5"]],"y":11,"t":1268496838.15135},{"x":6,"d":[[10,4,"p"],[21,65,"6"]],"y":11,"t":1268496838.21935},{"x":7,"d":[[10,5,"d"],[21,65,"7"]],"y":11,"t":1268496838.35535},{"x":8,"d":[[10,6,"a"],[21,65,"8"]],"y":11,"t":1268496838.41135},{"x":9,"d":[[10,7,"t"],[21,65,"9"]],"y":11,"t":1268496838.61935},{"x":10,"d":[[10,8,"e"],[21,65,66,"10"]],"y":11,"t":1268496838.67135},{"x":11,"d":[[21,66,"1"]],"y":11,"t":1268496838.77535},{"x":12,"d":[[10,10,"<"],[21,66,"2"]],"y":11,"t":1268496839.48735},{"x":13,"d":[[10,11,"i"],[21,66,"3"]],"y":11,"t":1268496839.81935},{"x":14,"d":[[10,12,"m"],[21,66,"4"]],"y":11,"t":1268496839.93135},{"x":15,"d":[[10,13,"g"],[21,66,"5"]],"y":11,"t":1268496840.09935},{"x":20,"d":[[10,0,18,"    5. update <img>"],[21,66,69,"7-20"]],"y":11,"t":1268496840.60336},{"x":21,"d":[[21,66,69,"8-21"]],"y":11,"t":1268496840.91535},{"x":22,"d":[[10,20,"s"],[21,66,69,"9-22"]],"y":11,"t":1268496841.22335},{"x":23,"d":[[10,21,"i"],[21,65,69,"20-23"]],"y":11,"t":1268496841.35535},{"x":24,"d":[[10,22,"z"],[21,66,69,"1-24"]],"y":11,"t":1268496841.60335},{"x":25,"d":[[10,23,"e"],[21,66,69,"2-25"]],"y":11,"t":1268496841.70335},{"x":24,"d":[[23,0,11,["a"," "]],[23,69,70,"^["]],"B":[["cp",0,23]],"y":11,"t":1268496843.14335},{"x":4,"d":[[21,65,69,"1-4  "],["cp",1,23]],"y":11,"t":1268496843.23936},{"x":4,"d":[[23,69,"d"]],"y":11,"t":1268496843.48735},{"x":1,"d":[[10,0,23,"5. update <img> size    "],[21,66,67,["a"," "]],["cp",1,23]],"y":11,"t":1268496843.53535},{"x":1,"d":[["cp",1,11],[21,63,"6"],[23,0,11,"-- INSERT --"]],"B":[["cp",0,11],[23,0,11,["a","1"]]],"y":12,"t":1268496843.89536},{"x":1,"d":[["cp",1,12],[21,63,"7"]],"B":[["cp",0,12]],"y":13,"t":1268496844.31936},{"x":5,"d":[[21,65,67,"2-5"]],"y":13,"t":1268496844.59135},{"x":6,"d":[[12,4,"<"],[21,65,67,"3-6"]],"y":13,"t":1268496845.27135},{"x":7,"d":[[12,5,"i"],[21,65,67,"4-7"]],"y":13,"t":1268496846.15535},{"x":8,"d":[[12,6,"m"],[21,65,67,"5-8"]],"y":13,"t":1268496846.29935},{"x":7,"d":[[12,6," "],[21,65,67,"4-7"]],"y":13,"t":1268496847.00735},{"x":6,"d":[[12,5," "],[21,65,67,"3-6"]],"y":13,"t":1268496847.79135},{"x":5,"d":[["cp",1,12],[21,65,67,"2-5"]],"y":13,"t":1268496848.01135},{"x":6,"d":[[12,4,"i"],[21,65,67,"3-6"]],"y":13,"t":1268496848.33135},{"x":7,"d":[[12,5,"m"],[21,65,67,"4-7"]],"y":13,"t":1268496848.41949},{"x":8,"d":[[12,6,"g"],[21,65,67,"5-8"]],"y":13,"t":1268496848.55135},{"x":8,"d":[[23,69,70,"^Y"]],"y":13,"t":1268496849.03535},{"x":1,"d":[[21,65,67,"4-7"],[22,0,30,":call <SNR>49_zen_expandAbbr(0)"],["cp",1,23]],"B":[["cp",0,23]],"y":23,"t":1268496849.29195},{"x":15,"d":[[12,4,24,"<img src=\"\" alt=\"\" />"],[21,65,69,"12-15"],[23,0,11,"-- INSERT --"]],"B":[[23,0,11,["a","1"]]],"y":13,"t":1268496849.29536},{"x":16,"d":[[12,14,25,"h\" alt=\"\" />"],[21,66,69,"3-16"]],"y":13,"t":1268496850.33935},{"x":17,"d":[[12,15,26,"t\" alt=\"\" />"],[21,66,69,"4-17"]],"y":13,"t":1268496850.44735},{"x":18,"d":[[12,16,27,"t\" alt=\"\" />"],[21,66,69,"5-18"]],"y":13,"t":1268496850.58735},{"x":19,"d":[[12,17,28,"p\" alt=\"\" />"],[21,66,69,"6-19"]],"y":13,"t":1268496850.71537},{"x":20,"d":[[12,18,29,":\" alt=\"\" />"],[21,66,69,"7-20"]],"y":13,"t":1268496851.02735},{"x":21,"d":[[12,19,30,"/\" alt=\"\" />"],[21,66,69,"8-21"]],"y":13,"t":1268496851.26735},{"x":22,"d":[[12,20,31,"/\" alt=\"\" />"],[21,66,69,"9-22"]],"y":13,"t":1268496851.43535},{"x":23,"d":[[12,21,32,"m\" alt=\"\" />"],[21,65,69,"20-23"]],"y":13,"t":1268496851.61535},{"x":24,"d":[[12,22,33,"a\" alt=\"\" />"],[21,66,69,"1-24"]],"y":13,"t":1268496851.72335},{"x":25,"d":[[12,23,34,"t\" alt=\"\" />"],[21,66,69,"2-25"]],"y":13,"t":1268496851.83535},{"x":26,"d":[[12,24,35,"t\" alt=\"\" />"],[21,66,69,"3-26"]],"y":13,"t":1268496851.96335},{"x":27,"d":[[12,25,36,"n\" alt=\"\" />"],[21,66,69,"4-27"]],"y":13,"t":1268496852.06735},{"x":28,"d":[[12,26,37,".\" alt=\"\" />"],[21,66,69,"5-28"]],"y":13,"t":1268496852.26335},{"x":29,"d":[[12,27,38,"k\" alt=\"\" />"],[21,66,69,"6-29"]],"y":13,"t":1268496852.50335},{"x":30,"d":[[12,28,39,"a\" alt=\"\" />"],[21,66,69,"7-30"]],"y":13,"t":1268496852.61137},{"x":31,"d":[[12,29,40,"o\" alt=\"\" />"],[21,66,69,"8-31"]],"y":13,"t":1268496852.75556},{"x":32,"d":[[12,30,41,"r\" alt=\"\" />"],[21,66,69,"9-32"]],"y":13,"t":1268496852.89935},{"x":33,"d":[[12,31,42,"i\" alt=\"\" />"],[21,65,69,"30-33"]],"y":13,"t":1268496852.99935},{"x":34,"d":[[12,32,43,"y\" alt=\"\" />"],[21,66,69,"1-34"]],"y":13,"t":1268496853.18735},{"x":35,"d":[[12,33,44,"a\" alt=\"\" />"],[21,66,69,"2-35"]],"y":13,"t":1268496853.34735},{"x":36,"d":[[12,34,45,".\" alt=\"\" />"],[21,66,69,"3-36"]],"y":13,"t":1268496853.49935},{"x":37,"d":[[12,35,46,"n\" alt=\"\" />"],[21,66,69,"4-37"]],"y":13,"t":1268496853.65535},{"x":38,"d":[[12,36,47,"e\" alt=\"\" />"],[21,66,69,"5-38"]],"y":13,"t":1268496853.80735},{"x":39,"d":[[12,37,48,"t\" alt=\"\" />"],[21,66,69,"6-39"]],"y":13,"t":1268496853.87535},{"x":40,"d":[[12,38,49,"/\" alt=\"\" />"],[21,66,69,"7-40"]],"y":13,"t":1268496854.03535},{"x":41,"d":[[12,39,50,"i\" alt=\"\" />"],[21,66,69,"8-41"]],"y":13,"t":1268496854.36335},{"x":42,"d":[[12,40,51,"m\" alt=\"\" />"],[21,66,69,"9-42"]],"y":13,"t":1268496854.45135},{"x":43,"d":[[12,41,52,"a\" alt=\"\" />"],[21,65,69,"40-43"]],"y":13,"t":1268496854.54736},{"x":44,"d":[[12,42,53,"g\" alt=\"\" />"],[21,66,69,"1-44"]],"y":13,"t":1268496854.68335},{"x":45,"d":[[12,43,54,"e\" alt=\"\" />"],[21,66,69,"2-45"]],"y":13,"t":1268496854.74335},{"x":46,"d":[[12,44,55,"s\" alt=\"\" />"],[21,66,69,"3-46"]],"y":13,"t":1268496854.82335},{"x":47,"d":[[12,45,56,"/\" alt=\"\" />"],[21,66,69,"4-47"]],"y":13,"t":1268496854.99221},{"x":48,"d":[[12,46,57,"l\" alt=\"\" />"],[21,66,69,"5-48"]],"y":13,"t":1268496855.29135},{"x":49,"d":[[12,47,58,"o\" alt=\"\" />"],[21,66,69,"6-49"]],"y":13,"t":1268496855.50735},{"x":50,"d":[[12,48,59,"g\" alt=\"\" />"],[21,66,69,"7-50"]],"y":13,"t":1268496855.62736},{"x":51,"d":[[12,49,60,"o\" alt=\"\" />"],[21,66,69,"8-51"]],"y":13,"t":1268496855.68736},{"x":52,"d":[[12,50,61,".\" alt=\"\" />"],[21,66,69,"9-52"]],"y":13,"t":1268496856.23935},{"x":53,"d":[[12,51,62,"p\" alt=\"\" />"],[21,65,69,"50-53"]],"y":13,"t":1268496856.48735},{"x":54,"d":[[12,52,63,"n\" alt=\"\" />"],[21,66,69,"1-54"]],"y":13,"t":1268496856.57535},{"x":55,"d":[[12,53,64,"g\" alt=\"\" />"],[21,66,69,"2-55"]],"y":13,"t":1268496856.74335},{"x":55,"d":[[23,69,70,"^Y"]],"y":13,"t":1268496859.05935},{"x":1,"d":[[21,66,69,"1-54"],[22,18,30,"imageSize()  "],["cp",1,23]],"B":[["cp",0,23]],"y":23,"t":1268496859.37937},{"x":6,"d":[[12,63,79,"width=\"96\" height"],[21,65,69,"3-6  "],[23,0,11,"-- INSERT --"]],"B":[[23,0,11,["a","1"]]],"y":13,"t":1268496862.17991},{"x":5,"d":[[23,0,11,["a"," "]],[23,69,70,"^["]],"B":[["cp",0,23]],"y":13,"t":1268496863.58735},{"x":6,"d":[["cp",1,22],["cp",1,23]],"y":13,"t":1268496863.74335},{"x":41,"d":[["cp",1,0],["cp",0,2],["cp",0,4],["cp",0,5],["cp",0,6],["cp",0,7],["cp",0,8],["cp",0,10],[12,0,79,"ogo.png\" alt=\"\" width=\"96\" height=\"96\" />                                       "],[21,65,69,"85-88"]],"y":13,"t":1268496864.00735},{"x":4,"d":[[0,4,8,"</ul>"],[2,0,35,"4. go to next/previous editing point"],[4,4,7,"<ul>"],[5,6,29,"<li id=\"foo001\">baz</li>"],[6,6,29,"<li id=\"foo002\">bar</li>"],[7,6,29,"<li id=\"foo003\">foo</li>"],["cp",0,8],[10,0,19,"5. update <img> size"],[12,0,79,"    <img src=\"http://mattn.kaoriya.net/images/logo.png\" alt=\"\" width=\"96\" height"],[21,65,69,"1-4  "]],"y":13,"t":1268496866.20735},{"x":4,"d":[[23,69,"o"]],"y":13,"t":1268496868.00734},{"x":5,"d":[["cp",1,13],[21,63,67,"8,2-5"],[23,0,11,"-- INSERT --"],[23,69," "]],"B":[["cp",0,13],[23,0,11,["a","1"]]],"y":14,"t":1268496868.01135},{"x":6,"d":[[13,4,"i"],[21,65,67,"3-6"]],"y":14,"t":1268496869.33135},{"x":7,"d":[[13,5,"m"],[21,65,67,"4-7"]],"y":14,"t":1268496869.42735},{"x":8,"d":[[13,6,"g"],[21,65,67,"5-8"]],"y":14,"t":1268496869.71135},{"x":8,"d":[["r","    </ul>                                                                       "],["a"," "],["r","4. go to next/previous editing point                                            "],["a"," "],["r","    <ul>                                                                        "],["r","      <li id=\"foo001\">baz</li>                                                  "],["r","      <li id=\"foo002\">bar</li>                                                  "],["r","      <li id=\"foo003\">foo</li>                                                  "],["r","    </ul>                                                                       "],["a"," "],["r","5. update <img> size                                                            "],["a"," "],["r","    <img src=\"http://mattn.kaoriya.net/images/logo.png\" alt=\"\" width=\"96\" height"],["r","    img                                                                         "],["r","~                                                                               "],"d","d","d","d","d","d",["r","[No Name] [+]                                                 48,5-8         Bot"],["a"," "],["r","-- INSERT --                                                         ^Y         "],["a"," "]],"B":[["a","0"],"d","d","d","d","d","d","d","d","d","d","d","d","d",["r","10000000000000000000000000000000000000000000000000000000000000000000000000000000"],"d","d","d","d","d","d",["a","1"],["a","0"],["r","11111111111100000000000000000000000000000000000000000000000000000000000000000000"],["a","0"]],"y":14,"b":[["a","0"],"d","d","d","d","d","d","d","d","d","d","d","d","d","d","d","d","d","d","d","d",["a","7"],["a","0"],"d","d"],"f":[["a","7"],"d","d","d","d","d","d","d","d","d","d","d","d","d","d","d","d","d","d","d","d",["a","0"],["a","7"],"d","d"],"i":1,"t":1268496871.51533,"U":[["a","0"],"d","d","d","d","d","d","d","d","d","d","d","d","d","d","d","d","d","d","d","d","d","d","d","d"]},{"x":15,"d":[[13,4,24,"<img src=\"\" alt=\"\" />"],[21,65,69,"12-15"],[22,0,30,":call <SNR>49_zen_expandAbbr(0)"],[23,69,70,["a"," "]]],"y":14,"t":1268496871.92476},{"x":16,"d":[[13,14,25,"l\" alt=\"\" />"],[21,66,69,"3-16"]],"y":14,"t":1268496873.23135},{"x":17,"d":[[13,15,26,"o\" alt=\"\" />"],[21,66,69,"4-17"]],"y":14,"t":1268496873.43535},{"x":18,"d":[[13,16,27,"g\" alt=\"\" />"],[21,66,69,"5-18"]],"y":14,"t":1268496873.59535},{"x":19,"d":[[13,17,28,"o\" alt=\"\" />"],[21,66,69,"6-19"]],"y":14,"t":1268496873.68048},{"x":19,"d":[[23,3,39,"^X mode (^]^D^E^F^I^K^L^N^O^Ps^U^V^Y)"]],"B":[[23,12,39,["a","1"]]],"y":14,"t":1268496874.21535},{"x":23,"d":[[13,18,32,".gif\" alt=\"\" />"],[21,65,69,"20-23"],[23,3,44,"File name completion (^F^N^P) match 1 of 2"]],"B":[[23,33,39,["a","0"]]],"y":14,"b":[[23,33,44,["a","7"]]],"f":[[23,33,44,["a","0"]]],"t":1268496874.24737},{"x":22,"d":[[23,0,44,["a"," "]],[23,69,70,"^["]],"B":[["cp",0,23]],"y":14,"b":[["cp",0,23]],"f":[["cp",0,23]],"t":1268496875.91535},{"x":22,"d":[[21,65,69,"19-22"],["cp",1,22],["cp",1,23]],"y":14,"t":1268496876.91536},{"x":22,"d":[[23,69,70,"^Y"]],"y":14,"t":1268496877.93534},{"x":22,"d":[[22,0,28,":call <SNR>49_zen_imageSize()"],["cp",1,23]],"y":14,"t":1268496878.46737},{"x":22,"y":14,"t":1268496879.49535},{"x":23,"d":[[21,65,69,"20-23"]],"y":14,"t":1268496881.41135},{"x":24,"d":[[21,66,69,"1-24"]],"y":14,"t":1268496881.91135},{"x":33,"d":[[21,65,69,"30-33"]],"y":14,"t":1268496882.03135},{"x":4,"d":[[21,65,69,"1-4  "]],"y":14,"t":1268496882.91935},{"x":4,"d":[[23,69,"d"]],"y":14,"t":1268496886.48335},{"x":5,"d":[["cp",14,13],[21,63,67,"7,2-5"],["cp",1,23]],"B":[["cp",14,13]],"y":13,"t":1268496886.69536},{"x":5,"d":[["cp",1,13],[21,63,"8"],[23,0,11,"-- INSERT --"]],"B":[["cp",0,13],[23,0,11,["a","1"]]],"y":14,"t":1268496895.18554},{"x":5,"d":[["cp",1,14],[21,63,"9"]],"B":[["cp",0,14]],"y":15,"t":1268496895.57536},{"x":1,"d":[[21,65,67,"1  "]],"y":15,"t":1268496896.42736},{"x":2,"d":[[14,0,"6"],[21,65,"2"]],"y":15,"t":1268496896.89135},{"x":3,"d":[[14,1,"."],[21,65,"3"]],"y":15,"t":1268496897.22735},{"x":4,"d":[[21,65,"4"]],"y":15,"t":1268496897.59135},{"x":5,"d":[[14,3,"r"],[21,65,"5"]],"y":15,"t":1268496897.95935},{"x":6,"d":[[14,4,"e"],[21,65,"6"]],"y":15,"t":1268496898.01535},{"x":7,"d":[[14,5,"m"],[21,65,"7"]],"y":15,"t":1268496898.19135},{"x":8,"d":[[14,6,"o"],[21,65,"8"]],"y":15,"t":1268496898.26735},{"x":9,"d":[[14,7,"v"],[21,65,"9"]],"y":15,"t":1268496898.45135},{"x":10,"d":[[14,8,"e"],[21,65,66,"10"]],"y":15,"t":1268496898.51135},{"x":11,"d":[[21,66,"1"]],"y":15,"t":1268496898.79935},{"x":12,"d":[[14,10,"t"],[21,66,"2"]],"y":15,"t":1268496898.96737},{"x":13,"d":[[14,11,"a"],[21,66,"3"]],"y":15,"t":1268496899.04735},{"x":14,"d":[[14,12,"g"],[21,66,"4"]],"y":15,"t":1268496899.19535},{"x":1,"d":[["cp",1,15],[21,62,66,"50,1 "]],"B":[["cp",0,15]],"y":16,"t":1268496901.46336},{"x":1,"d":[["cp",1,16],[21,63,"1"]],"B":[["cp",0,16]],"y":17,"t":1268496902.32336},{"x":5,"d":[[21,65,67,"2-5"]],"y":17,"t":1268496902.48335},{"x":6,"d":[[16,4,"d"],[21,65,67,"3-6"]],"y":17,"t":1268496904.82335},{"x":7,"d":[[16,5,"i"],[21,65,67,"4-7"]],"y":17,"t":1268496905.13935},{"x":8,"d":[[16,6,"v"],[21,65,67,"5-8"]],"y":17,"t":1268496905.31536},{"x":9,"d":[[16,7,"."],[21,65,67,"6-9"]],"y":17,"t":1268496905.90335},{"x":10,"d":[[16,8,"f"],[21,65,68,"7-10"]],"y":17,"t":1268496906.37135},{"x":11,"d":[[16,9,"o"],[21,65,68,"8-11"]],"y":17,"t":1268496906.50335},{"x":12,"d":[[16,10,"o"],[21,65,68,"9-12"]],"y":17,"t":1268496906.68735},{"x":13,"d":[[16,11,">"],[21,65,69,"10-13"]],"y":17,"t":1268496907.46335},{"x":14,"d":[[16,12,"a"],[21,66,69,"1-14"]],"y":17,"t":1268496908.73935},{"x":15,"d":[[16,13,"{"],[21,66,69,"2-15"]],"y":17,"t":1268496910.57935},{"x":16,"d":[[16,14,"c"],[21,66,69,"3-16"]],"y":17,"t":1268496911.09135},{"x":17,"d":[[16,15,"o"],[21,66,69,"4-17"]],"y":17,"t":1268496911.33935},{"x":18,"d":[[16,16,"n"],[21,66,69,"5-18"]],"y":17,"t":1268496911.41535},{"x":19,"d":[[16,17,"t"],[21,66,69,"6-19"]],"y":17,"t":1268496911.52353},{"x":20,"d":[[16,18,"e"],[21,66,69,"7-20"]],"y":17,"t":1268496911.58335},{"x":21,"d":[[16,19,"n"],[21,66,69,"8-21"]],"y":17,"t":1268496911.74335},{"x":22,"d":[[16,20,"t"],[21,66,69,"9-22"]],"y":17,"t":1268496911.84735},{"x":21,"d":[[16,20," "],[21,66,69,"8-21"]],"y":17,"t":1268496912.17535},{"x":20,"d":[[16,19," "],[21,66,69,"7-20"]],"y":17,"t":1268496912.61535},{"x":19,"d":[[16,18," "],[21,66,69,"6-19"]],"y":17,"t":1268496912.89135},{"x":18,"d":[[16,17," "],[21,66,69,"5-18"]],"y":17,"t":1268496913.05935},{"x":15,"d":[[16,14,16,["a"," "]],[21,66,69,"2-15"]],"y":17,"t":1268496913.53135},{"x":16,"d":[[16,14,"c"],[21,66,69,"3-16"]],"y":17,"t":1268496913.99535},{"x":17,"d":[[16,15,"u"],[21,66,69,"4-17"]],"y":17,"t":1268496914.12335},{"x":18,"d":[[16,16,"r"],[21,66,69,"5-18"]],"y":17,"t":1268496914.22336},{"x":19,"d":[[16,17,"s"],[21,66,69,"6-19"]],"y":17,"t":1268496914.41935},{"x":20,"d":[[16,18,"o"],[21,66,69,"7-20"]],"y":17,"t":1268496914.52335},{"x":21,"d":[[16,19,"r"],[21,66,69,"8-21"]],"y":17,"t":1268496914.65535},{"x":22,"d":[[21,66,69,"9-22"]],"y":17,"t":1268496914.76335},{"x":23,"d":[[16,21,"i"],[21,65,69,"20-23"]],"y":17,"t":1268496914.98735},{"x":24,"d":[[16,22,"s"],[21,66,69,"1-24"]],"y":17,"t":1268496915.05935},{"x":25,"d":[[21,66,69,"2-25"]],"y":17,"t":1268496915.14735},{"x":26,"d":[[16,24,"h"],[21,66,69,"3-26"]],"y":17,"t":1268496915.61535},{"x":27,"d":[[16,25,"e"],[21,66,69,"4-27"]],"y":17,"t":1268496915.75935},{"x":28,"d":[[16,26,"r"],[21,66,69,"5-28"]],"y":17,"t":1268496915.99935},{"x":29,"d":[[16,27,"e"],[21,66,69,"6-29"]],"y":17,"t":1268496916.06335},{"x":30,"d":[[16,28,"}"],[21,66,69,"7-30"]],"y":17,"t":1268496916.43535},{"x":30,"d":[[23,69,70,"^Y"]],"y":17,"t":1268496917.72335},{"x":1,"d":[[21,66,69,"6-29"],[22,18,30,"expandAbbr(0)"],["cp",1,23]],"B":[["cp",0,23]],"y":23,"t":1268496918.01935},{"x":16,"d":[[16,4,28,"<div class=\"foo\">        "],[17,0," "],[17,6,34,"<a href=\"\">cursor is here</a>"],[18,0,9,"    </div>"],[21,63,69,"2,13-16"],[23,0,11,"-- INSERT --"]],"B":[["cp",0,17],["cp",0,18],[23,0,11,["a","1"]]],"y":18,"t":1268496918.0274},{"x":16,"d":[[23,69,70,"^Y"]],"y":18,"t":1268496922.92335},{"x":7,"d":[["cp",1,17],[21,65,69,"4-7  "],[22,18,30,"removeTag()  "],[23,69,70,["a"," "]]],"y":18,"t":1268496923.63536},{"x":7,"d":[[23,69,70,"^Y"]],"y":18,"t":1268496926.26735},{"x":5,"d":[["cp",1,16],["cp",19,17],["cp",17,18],[21,63,67,"1,2-5"],[23,69,70,["a"," "]]],"B":[["cp",19,17],["cp",17,18]],"y":17,"t":1268496926.71936},{"x":4,"d":[[23,0,11,["a"," "]],[23,69,70,"^["]],"B":[["cp",0,23]],"y":17,"t":1268496928.53935},{"x":29,"d":[[16,4,28,"div.foo>a{cursor is here}"],[21,66,69,"6-29"],[22,0,36,"5 changes; before #36  11 seconds ago"],["cp",1,23]],"y":17,"t":1268496929.01536},{"x":30,"d":[[21,66,69,"7-30"],[23,0,11,"-- INSERT --"]],"B":[[23,0,11,["a","1"]]],"y":17,"t":1268496931.03535},{"x":30,"d":[[23,69,70,"^Y"]],"y":17,"t":1268496931.60335},{"x":13,"d":[[16,4,28,"<div class=\"foo\">        "],[17,0," "],[17,6,34,"<a href=\"\">cursor is here</a>"],[18,0,9,"    </div>"],[21,63,69,"2,12-15"],[22,0,36,":call <SNR>49_zen_expandAbbr(0)      "],[23,69,70,["a"," "]]],"B":[["cp",0,17],["cp",0,18]],"y":24,"t":1268496932.07535},{"x":16,"d":[[21,66,69,"3-16"]],"y":18,"t":1268496932.07936},{"x":15,"d":[[23,0,11,["a"," "]],[23,69,70,"^["]],"B":[["cp",0,23]],"y":18,"t":1268496933.51135},{"x":4,"d":[[21,66,69,"-4  "],["cp",1,22],["cp",1,23]],"y":18,"t":1268496933.61935},{"x":4,"d":[[23,69,70,"^Y"]],"y":18,"t":1268496935.37935},{"x":4,"d":[["cp",1,16],["cp",19,17],["cp",17,18],[21,63,"1"],[22,0,28,":call <SNR>49_zen_removeTag()"],["cp",1,23]],"B":[["cp",19,17],["cp",17,18]],"y":17,"t":1268496935.84736},{"x":4,"d":[[23,69,70,"^["]],"y":17,"t":1268496937.80334},{"x":5,"d":[[16,4,20,"<div class=\"foo\">"],[17,0," "],[17,6,34,"<a href=\"\">cursor is here</a>"],[18,0,9,"    </div>"],[21,65,67,"2-5"],[22,0,38,"2 more lines; before #38  3 seconds ago"],["cp",1,23]],"B":[["cp",0,17],["cp",0,18]],"y":17,"t":1268496938.01536},{"x":5,"d":[[21,63,"2"]],"y":18,"t":1268496938.59935},{"x":6,"d":[[21,65,67,"3-6"]],"y":18,"t":1268496938.79535},{"x":7,"d":[[21,65,67,"4-7"]],"y":18,"t":1268496938.91946},{"x":8,"d":[[21,65,67,"5-8"]],"y":18,"t":1268496939.06735},{"x":9,"d":[[21,65,67,"6-9"]],"y":18,"t":1268496939.21135},{"x":10,"d":[[21,65,68,"7-10"]],"y":18,"t":1268496939.3434},{"x":11,"d":[["r","    </ul>                                                                       "],["a"," "],["r","4. go to next/previous editing point                                            "],["a"," "],["r","    <ul>                                                                        "],["r","      <li id=\"foo001\">baz</li>                                                  "],["r","      <li id=\"foo002\">bar</li>                                                  "],["r","      <li id=\"foo003\">foo</li>                                                  "],["r","    </ul>                                                                       "],["a"," "],["r","5. update <img> size                                                            "],["a"," "],["r","    <img src=\"http://mattn.kaoriya.net/images/logo.png\" alt=\"\" width=\"96\" height"],["a"," "],["r","6. remove tag                                                                   "],["a"," "],["r","    <div class=\"foo\">                                                           "],["r","      <a href=\"\">cursor is here</a>                                             "],["r","    </div>                                                                      "],["r","~                                                                               "],"d",["r","[No Name] [+]                                                 52,8-11        Bot"],["r","2 more lines; before #38  3 seconds ago                                         "],["a"," "],"d"],"B":[["a","0"],"d","d","d","d","d","d","d","d","d","d","d","d","d","d","d","d","d","d",["r","10000000000000000000000000000000000000000000000000000000000000000000000000000000"],"d",["a","1"],["a","0"],"d","d"],"y":18,"b":[["a","0"],"d","d","d","d","d","d","d","d","d","d","d","d","d","d","d","d","d","d","d","d",["a","7"],["a","0"],"d","d"],"f":[["a","7"],"d","d","d","d","d","d","d","d","d","d","d","d","d","d","d","d","d","d","d","d",["a","0"],["a","7"],"d","d"],"i":1,"t":1268496939.50735,"U":[["a","0"],"d","d","d","d","d","d","d","d","d","d","d","d","d","d","d","d","d","d","d","d","d","d","d","d"]},{"x":12,"d":[[21,65,68,"9-12"]],"y":18,"t":1268496939.66735},{"x":12,"d":[[21,63,"1"]],"y":17,"t":1268496940.29935},{"x":12,"d":[[23,69,70,"^Y"]],"y":17,"t":1268496941.16335},{"x":4,"d":[["cp",1,16],["cp",19,17],["cp",17,18],[21,65,68,"1-4 "],[22,0,38,":call <SNR>49_zen_removeTag()          "],["cp",1,23]],"B":[["cp",19,17],["cp",17,18]],"y":17,"t":1268496941.51536},{"x":4,"d":[[23,69,70,"^["]],"y":17,"t":1268496942.59135},{"x":5,"d":[[16,4,20,"<div class=\"foo\">"],[17,0," "],[17,6,34,"<a href=\"\">cursor is here</a>"],[18,0,9,"    </div>"],[21,65,67,"2-5"],[22,0,38,"2 more lines; before #39  1 seconds ago"],["cp",1,23]],"B":[["cp",0,17],["cp",0,18]],"y":17,"t":1268496942.70737},{"x":5,"d":[[21,63,"2"]],"y":18,"t":1268496943.43935},{"x":5,"d":[[21,63,"3"]],"y":19,"t":1268496943.69135},{"x":5,"d":[["cp",1,19],[21,63,"4"],[23,0,11,"-- INSERT --"]],"B":[["cp",0,19],[23,0,11,["a","1"]]],"y":20,"t":1268496943.91936},{"x":1,"d":[[23,0,11,["a"," "]],[23,69,70,"^["]],"B":[["cp",0,23]],"y":20,"t":1268496944.66735},{"x":1,"d":[[21,65,67,"0-1"],["cp",1,22],[23,69,70,"z "]],"y":20,"t":1268496945.53935},{"x":1,"d":[["cp",1,0],["cp",10,1],["cp",0,2],["cp",12,3],["cp",0,4],["cp",14,5],["cp",0,6],["cp",16,7],["cp",17,8],["cp",18,9],["cp",0,10],["cp",20,11],["cp",11,12],["cp",11,13],["cp",11,14],["cp",11,15],["cp",11,16],["cp",11,17],["cp",11,18],["cp",11,19],["cp",0,23]],"B":[["cp",20,11],["cp",11,12],["cp",11,13],["cp",11,14],["cp",11,15],["cp",11,16],["cp",11,17],["cp",11,18],["cp",11,19]],"y":11,"t":1268496945.73935},{"x":5,"d":[["cp",0,11],[21,63,67,"5,2-5"],[23,0,11,"-- INSERT --"]],"B":[["cp",0,11],[23,0,11,["a","1"]]],"y":12,"t":1268496946.46336},{"x":1,"d":[[23,0,11,["a"," "]],[23,69,70,"^["]],"B":[["cp",0,23]],"y":12,"t":1268496947.48336},{"x":1,"d":[[21,65,67,"1  "],[23,0,11,"-- INSERT --"],[23,69,70,["a"," "]]],"B":[[23,0,11,["a","1"]]],"y":12,"t":1268496947.60335},{"x":2,"d":[[11,0,"7"],[21,65,"2"]],"y":12,"t":1268496948.80735},{"x":3,"d":[[11,1,"."],[21,65,"3"]],"y":12,"t":1268496949.46735},{"x":4,"d":[[21,65,"4"]],"y":12,"t":1268496949.65135},{"x":5,"d":[[11,3,"s"],[21,65,"5"]],"y":12,"t":1268496952.65135},{"x":6,"d":[[11,4,"p"],[21,65,"6"]],"y":12,"t":1268496952.82335},{"x":7,"d":[[11,5,"l"],[21,65,"7"]],"y":12,"t":1268496953.05535},{"x":8,"d":[[11,6,"i"],[21,65,"8"]],"y":12,"t":1268496953.11935},{"x":9,"d":[[11,7,"t"],[21,65,"9"]],"y":12,"t":1268496953.54735},{"x":10,"d":[[11,8,"/"],[21,65,66,"10"]],"y":12,"t":1268496953.77535},{"x":11,"d":[[11,9,"j"],[21,66,"1"]],"y":12,"t":1268496954.13935},{"x":12,"d":[[11,10,"o"],[21,66,"2"]],"y":12,"t":1268496954.20335},{"x":13,"d":[[11,11,"i"],[21,66,"3"]],"y":12,"t":1268496954.63535},{"x":14,"d":[[11,12,"n"],[21,66,"4"]],"y":12,"t":1268496954.72335},{"x":15,"d":[[21,66,"5"]],"y":12,"t":1268496954.96335},{"x":16,"d":[[11,14,"a"],[21,66,"6"]],"y":12,"t":1268496955.45135},{"x":15,"d":[[11,14," "],[21,66,"5"]],"y":12,"t":1268496955.82735},{"x":16,"d":[[11,14,"t"],[21,66,"6"]],"y":12,"t":1268496955.94735},{"x":17,"d":[[11,15,"a"],[21,66,"7"]],"y":12,"t":1268496956.01938},{"x":18,"d":[[11,16,"g"],[21,66,"8"]],"y":12,"t":1268496956.19135},{"x":5,"d":[[11,0,20,"    7. split/join tag"],["cp",0,12],[21,63,67,"6,2-5"]],"B":[["cp",0,12]],"y":13,"t":1268496956.81136},{"x":1,"d":[[23,0,11,["a"," "]],[23,69,70,"^["]],"B":[["cp",0,23]],"y":13,"t":1268496957.73935},{"x":5,"d":[[21,63,"5"],["cp",0,23]],"y":12,"t":1268496957.88335},{"x":4,"d":[[21,65,67,"1-4"]],"y":12,"t":1268496958.17135},{"x":4,"d":[[23,69,"d"]],"y":12,"t":1268496958.39935},{"x":1,"d":[[11,0,20,"7. split/join tag    "],[21,66,67,["a"," "]],["cp",0,23]],"y":12,"t":1268496958.45135},{"x":1,"d":[[21,63,67,"6,0-1"]],"y":13,"t":1268496958.59935},{"x":1,"d":[["cp",0,13],[21,63,67,"7,1  "],[23,0,11,"-- INSERT --"]],"B":[["cp",0,13],[23,0,11,["a","1"]]],"y":14,"t":1268496958.81936},{"x":5,"d":[[21,65,67,"2-5"]],"y":14,"t":1268496959.29935},{"x":6,"d":[[13,4,"d"],[21,65,67,"3-6"]],"y":14,"t":1268496962.39935},{"x":7,"d":[[13,5,"i"],[21,65,67,"4-7"]],"y":14,"t":1268496962.59135},{"x":8,"d":[[13,6,"v"],[21,65,67,"5-8"]],"y":14,"t":1268496962.79535},{"x":9,"d":[[13,7,"."],[21,65,67,"6-9"]],"y":14,"t":1268496963.94744},{"x":10,"d":[[13,8,"f"],[21,65,68,"7-10"]],"y":14,"t":1268496964.36335},{"x":11,"d":[[13,9,"o"],[21,65,68,"8-11"]],"y":14,"t":1268496964.48337},{"x":12,"d":[[13,10,"o"],[21,65,68,"9-12"]],"y":14,"t":1268496964.65135},{"x":13,"d":[[13,11,">"],[21,65,69,"10-13"]],"y":14,"t":1268496965.33935},{"x":14,"d":[[13,12,"a"],[21,66,69,"1-14"]],"y":14,"t":1268496965.90735},{"x":15,"d":[[13,13,"{"],[21,66,69,"2-15"]],"y":14,"t":1268496967.11535},{"x":16,"d":[[13,14,"c"],[21,66,69,"3-16"]],"y":14,"t":1268496967.65135},{"x":17,"d":[[13,15,"u"],[21,66,69,"4-17"]],"y":14,"t":1268496967.83535},{"x":18,"d":[[13,16,"r"],[21,66,69,"5-18"]],"y":14,"t":1268496967.91535},{"x":19,"d":[[13,17,"s"],[21,66,69,"6-19"]],"y":14,"t":1268496968.06735},{"x":20,"d":[[13,18,"o"],[21,66,69,"7-20"]],"y":14,"t":1268496968.18335},{"x":21,"d":[[13,19,"r"],[21,66,69,"8-21"]],"y":14,"t":1268496968.31935},{"x":22,"d":[[21,66,69,"9-22"]],"y":14,"t":1268496968.45535},{"x":23,"d":[[13,21,"i"],[21,65,69,"20-23"]],"y":14,"t":1268496968.65135},{"x":24,"d":[[13,22,"s"],[21,66,69,"1-24"]],"y":14,"t":1268496968.74735},{"x":25,"d":[[21,66,69,"2-25"]],"y":14,"t":1268496968.85935},{"x":26,"d":[[13,24,"h"],[21,66,69,"3-26"]],"y":14,"t":1268496969.38735},{"x":27,"d":[[13,25,"e"],[21,66,69,"4-27"]],"y":14,"t":1268496969.44335},{"x":28,"d":[[13,26,"r"],[21,66,69,"5-28"]],"y":14,"t":1268496969.72735},{"x":29,"d":[[13,27,"e"],[21,66,69,"6-29"]],"y":14,"t":1268496969.76336},{"x":30,"d":[[13,28,"}"],[21,66,69,"7-30"]],"y":14,"t":1268496970.43135},{"x":30,"d":[[23,69,70,"^Y"]],"y":14,"t":1268496971.08335},{"x":16,"d":[["cp",7,13],["cp",8,14],["cp",9,15],[21,63,69,"8,12-15"],[22,0,30,":call <SNR>49_zen_expandAbbr(0)"],["cp",0,23]],"B":[["cp",0,14],["cp",0,15],["cp",0,23]],"y":15,"t":1268496971.38735},{"x":16,"d":[[21,66,69,"3-16"],[23,0,11,"-- INSERT --"]],"B":[[23,0,11,["a","1"]]],"y":15,"t":1268496971.39136},{"x":16,"d":[[23,69,70,"^Y"]],"y":15,"t":1268496975.5674},{"x":8,"d":[[14,16,34,"/>                 "],[21,65,69,"5-8  "],[22,18,31,"splitJoinTag()"],[23,69,70,["a"," "]]],"y":15,"t":1268496976.10736},{"x":8,"d":[[23,69,70,"^Y"]],"y":15,"t":1268496979.69535},{"x":8,"d":[[14,16,20,"></a>"],[23,69,70,["a"," "]]],"y":15,"t":1268496980.15536},{"x":9,"d":[[14,7,21,"0a href=\"\"></a>"],[21,65,67,"6-9"]],"y":15,"t":1268496982.44335},{"x":8,"d":[[14,7,21,"a href=\"\"></a> "],[21,65,67,"5-8"]],"y":15,"t":1268496983.25535},{"x":7,"d":[[23,0,11,["a"," "]],[23,69,70,"^["]],"B":[["cp",0,23]],"y":15,"t":1268496983.55135},{"x":4,"d":[[21,65,67,"1-4"],["cp",0,22],["cp",0,23]],"y":15,"t":1268496983.79936},{"x":4,"d":[[23,69,70,"^Y"]],"y":15,"t":1268496985.56335},{"x":5,"d":[[13,20,21,"/>"],["cp",16,14],["cp",14,15],[21,63,67,"7,2-5"],[22,0,31,":call <SNR>49_zen_splitJoinTag()"],["cp",0,23]],"B":[["cp",16,14],["cp",14,15]],"y":14,"t":1268496985.97136},{"x":6,"d":[[21,65,67,"3-6"]],"y":14,"t":1268496987.41535},{"x":7,"d":[[21,65,67,"4-7"]],"y":14,"t":1268496987.91535},{"x":8,"d":[[21,65,67,"5-8"]],"y":14,"t":1268496987.95135},{"x":9,"d":[[21,65,67,"6-9"]],"y":14,"t":1268496987.98335},{"x":10,"d":[[21,65,68,"7-10"]],"y":14,"t":1268496988.01935},{"x":11,"d":[[21,65,68,"8-11"]],"y":14,"t":1268496988.05135},{"x":12,"d":[[21,65,68,"9-12"]],"y":14,"t":1268496988.08335},{"x":12,"d":[[23,69,70,"^Y"]],"y":14,"t":1268496988.73135},{"x":5,"d":[[13,20,26,"></div>"],[21,65,68,"2-5 "],["cp",0,23]],"y":14,"t":1268496989.06336},{"x":5,"d":[[23,69,70,"^["]],"y":14,"t":1268496991.63535},{"x":5,"d":[["cp",0,14],[21,63,"8"],[23,0,11,"-- INSERT --"],[23,69,70,["a"," "]]],"B":[["cp",0,14],[23,0,11,["a","1"]]],"y":15,"t":1268496991.88736},{"x":1,"d":[[23,0,11,["a"," "]],[23,69,70,"^["]],"B":[["cp",0,23]],"y":15,"t":1268496992.44735},{"x":5,"d":[["cp",0,15],[21,63,"9"],["cp",0,22],[23,0,11,"-- INSERT --"],[23,69,70,["a"," "]]],"B":[["cp",0,15],[23,0,11,["a","1"]]],"y":16,"t":1268496992.54736},{"x":1,"d":[[23,0,11,["a"," "]],[23,69,70,"^["]],"B":[["cp",0,23]],"y":16,"t":1268496993.33935},{"x":1,"d":[[21,65,67,"1  "],[23,0,11,"-- INSERT --"],[23,69,70,["a"," "]]],"B":[[23,0,11,["a","1"]]],"y":16,"t":1268496993.50336},{"x":2,"d":[[15,0,"8"],[21,65,"2"]],"y":16,"t":1268496993.80335},{"x":3,"d":[[15,1,"."],[21,65,"3"]],"y":16,"t":1268496994.22335},{"x":4,"d":[[21,65,"4"]],"y":16,"t":1268496994.41936},{"x":5,"d":[["a"," "],["r","5. update <img> size                                                            "],["a"," "],["r","    <img src=\"http://mattn.kaoriya.net/images/logo.png\" alt=\"\" width=\"96\" height"],["a"," "],["r","6. remove tag                                                                   "],["a"," "],["r","    <div class=\"foo\">                                                           "],["r","      <a href=\"\">cursor is here</a>                                             "],["r","    </div>                                                                      "],["a"," "],["r","7. split/join tag                                                               "],["a"," "],["r","    <div class=\"foo\"></div>                                                     "],["a"," "],["r","8. t                                                                            "],["r","~                                                                               "],"d","d","d","d",["r","[No Name] [+]                                                 59,5           Bot"],["a"," "],["r","-- INSERT --                                                                    "],["a"," "]],"B":[["a","0"],"d","d","d","d","d","d","d","d","d","d","d","d","d","d","d",["r","10000000000000000000000000000000000000000000000000000000000000000000000000000000"],"d","d","d","d",["a","1"],["a","0"],["r","11111111111100000000000000000000000000000000000000000000000000000000000000000000"],["a","0"]],"y":16,"b":[["a","0"],"d","d","d","d","d","d","d","d","d","d","d","d","d","d","d","d","d","d","d","d",["a","7"],["a","0"],"d","d"],"f":[["a","7"],"d","d","d","d","d","d","d","d","d","d","d","d","d","d","d","d","d","d","d","d",["a","0"],["a","7"],"d","d"],"i":1,"t":1268496997.64735,"U":[["a","0"],"d","d","d","d","d","d","d","d","d","d","d","d","d","d","d","d","d","d","d","d","d","d","d","d"]},{"x":6,"d":[[15,4,"o"],[21,65,"6"]],"y":16,"t":1268496997.81536},{"x":7,"d":[[15,5,"g"],[21,65,"7"]],"y":16,"t":1268496998.06735},{"x":8,"d":[[15,6,"g"],[21,65,"8"]],"y":16,"t":1268496998.24735},{"x":9,"d":[[15,7,"l"],[21,65,"9"]],"y":16,"t":1268496998.41552},{"x":10,"d":[[15,8,"e"],[21,65,66,"10"]],"y":16,"t":1268496998.53135},{"x":11,"d":[[21,66,"1"]],"y":16,"t":1268496998.62335},{"x":12,"d":[[15,10,"c"],[21,66,"2"]],"y":16,"t":1268496998.84735},{"x":13,"d":[[15,11,"o"],[21,66,"3"]],"y":16,"t":1268496998.97944},{"x":14,"d":[[15,12,"m"],[21,66,"4"]],"y":16,"t":1268496999.15935},{"x":15,"d":[[15,13,"m"],[21,66,"5"]],"y":16,"t":1268496999.29935},{"x":16,"d":[[15,14,"e"],[21,66,"6"]],"y":16,"t":1268496999.48735},{"x":17,"d":[[15,15,"n"],[21,66,"7"]],"y":16,"t":1268496999.63535},{"x":18,"d":[[15,16,"t"],[21,66,"8"]],"y":16,"t":1268496999.73935},{"x":5,"d":[[15,0,20,"    8. toggle comment"],["cp",0,16],[21,62,67,"60,2-5"]],"B":[["cp",0,16]],"y":17,"t":1268497000.51136},{"x":1,"d":[[23,0,11,["a"," "]],[23,69,70,"^["]],"B":[["cp",0,23]],"y":17,"t":1268497001.35535},{"x":5,"d":[[21,62,63,"59"],["cp",0,23]],"y":16,"t":1268497001.47936},{"x":4,"d":[[21,65,67,"1-4"]],"y":16,"t":1268497001.76735},{"x":1,"d":[[15,0,20,"8. toggle comment    "],[21,66,67,["a"," "]]],"y":16,"t":1268497002.01935},{"x":1,"d":[[21,62,67,"60,0-1"]],"y":17,"t":1268497002.74735},{"x":1,"d":[[23,69,"z"]],"y":17,"t":1268497004.37135},{"x":1,"d":[["cp",7,1],["cp",8,2],["cp",9,3],["cp",11,5],["cp",13,7],["cp",0,8],["cp",15,9],["cp",17,11],["cp",11,12],["cp",11,13],["cp",11,14],["cp",11,15],["cp",11,16],["cp",0,23]],"B":[["cp",17,11],["cp",11,12],["cp",11,13],["cp",11,14],["cp",11,15],["cp",11,16]],"y":11,"t":1268497004.55135},{"x":1,"d":[["cp",0,11],[21,63,67,"1,1  "],[23,0,11,"-- INSERT --"]],"B":[["cp",0,11],[23,0,11,["a","1"]]],"y":12,"t":1268497006.26737},{"x":5,"d":[[21,65,67,"2-5"]],"y":12,"t":1268497006.93135},{"x":6,"d":[[11,4,"d"],[21,65,67,"3-6"]],"y":12,"t":1268497010.31536},{"x":7,"d":[[11,5,"i"],[21,65,67,"4-7"]],"y":12,"t":1268497010.57135},{"x":8,"d":[[11,6,"v"],[21,65,67,"5-8"]],"y":12,"t":1268497010.85935},{"x":9,"d":[[11,7,"{"],[21,65,67,"6-9"]],"y":12,"t":1268497012.86335},{"x":10,"d":[[11,8,"h"],[21,65,68,"7-10"]],"y":12,"t":1268497013.85935},{"x":11,"d":[[11,9,"e"],[21,65,68,"8-11"]],"y":12,"t":1268497013.93935},{"x":12,"d":[[11,10,"l"],[21,65,68,"9-12"]],"y":12,"t":1268497014.08735},{"x":13,"d":[[11,11,"l"],[21,65,69,"10-13"]],"y":12,"t":1268497014.22735},{"x":14,"d":[[11,12,"o"],[21,66,69,"1-14"]],"y":12,"t":1268497014.44735},{"x":15,"d":[[21,66,69,"2-15"]],"y":12,"t":1268497014.58335},{"x":16,"d":[[11,14,"w"],[21,66,69,"3-16"]],"y":12,"t":1268497014.77935},{"x":17,"d":[[11,15,"o"],[21,66,69,"4-17"]],"y":12,"t":1268497014.85535},{"x":18,"d":[[11,16,"r"],[21,66,69,"5-18"]],"y":12,"t":1268497015.02335},{"x":19,"d":[[11,17,"l"],[21,66,69,"6-19"]],"y":12,"t":1268497015.11137},{"x":20,"d":[[11,18,"d"],[21,66,69,"7-20"]],"y":12,"t":1268497015.33136},{"x":21,"d":[[11,19,"}"],[21,66,69,"8-21"]],"y":12,"t":1268497016.09135},{"x":21,"d":[[23,69,70,"^Y"]],"y":12,"t":1268497016.79535},{"x":21,"d":[[11,4,25,"<div>hello world</div>"],[22,0,30,":call <SNR>49_zen_expandAbbr(0)"],[23,69,70,["a"," "]]],"y":12,"t":1268497017.42462},{"x":22,"d":[[11,20,26,"u</div>"],[21,66,69,"9-22"]],"y":12,"t":1268497019.89935},{"x":21,"d":[[11,20,26,"</div> "],[21,66,69,"8-21"]],"y":12,"t":1268497020.74335},{"x":20,"d":[[23,0,11,["a"," "]],[23,69,70,"^["]],"B":[["cp",0,23]],"y":12,"t":1268497021.17935},{"x":20,"d":[[11,4,25,"div{hello world}      "],[21,66,69,"7-20"],[22,0,34,"1 change; before #53  4 seconds ago"],["cp",0,23]],"y":12,"t":1268497021.34736},{"x":4,"d":[[21,66,69,"-4  "]],"y":12,"t":1268497022.86335},{"x":5,"d":[[21,65,67,"2-5"]],"y":12,"t":1268497022.98735},{"x":8,"d":[[21,65,67,"5-8"]],"y":12,"t":1268497023.16735},{"x":9,"d":[[21,65,67,"6-9"]],"y":12,"t":1268497023.34735},{"x":8,"d":[[21,65,67,"5-8"]],"y":12,"t":1268497023.91535},{"x":8,"d":[[23,0,11,"-- INSERT --"]],"B":[[23,0,11,["a","1"]]],"y":12,"t":1268497024.23535},{"x":5,"d":[[11,0,19,"div>{hello world}   "],[21,66,67,["a"," "]]],"y":12,"t":1268497025.09936},{"x":6,"d":[[11,4,17,"s{hello world}"],[21,65,"6"]],"y":12,"t":1268497026.23535},{"x":7,"d":[[11,5,18,"p{hello world}"],[21,65,"7"]],"y":12,"t":1268497026.35935},{"x":8,"d":[[11,6,19,"a{hello world}"],[21,65,"8"]],"y":12,"t":1268497026.46335},{"x":9,"d":[[11,7,20,"n{hello world}"],[21,65,"9"]],"y":12,"t":1268497026.57935},{"x":8,"d":[[23,0,11,["a"," "]],[23,69,70,"^["]],"B":[["cp",0,23]],"y":12,"t":1268497027.68735},{"x":1,"d":[[21,65,"1"],["cp",0,22],[23,0,11,"-- INSERT --"],[23,69,70,["a"," "]]],"B":[[23,0,11,["a","1"]]],"y":12,"t":1268497027.98336},{"x":5,"d":[[11,0,24,"    div>span{hello world}"],[21,65,67,"2-5"]],"y":12,"t":1268497028.12335},{"x":4,"d":[[23,0,11,["a"," "]],[23,69,70,"^["]],"B":[["cp",0,23]],"y":12,"t":1268497028.75135},{"x":25,"d":[[21,66,69,"2-25"],["cp",0,23]],"y":12,"t":1268497029.11136},{"x":25,"d":[[23,69,70,"^Y"]],"y":12,"t":1268497029.73935},{"x":23,"d":[[11,4,24,"<div>                "],[12,0," "],[12,6,29,"<span>hello world</span>"],["cp",3,13],[21,63,69,"2,20-23"],[22,0,30,":call <SNR>49_zen_expandAbbr(3)"],["cp",0,23]],"B":[["cp",0,12],["cp",0,13]],"y":13,"t":1268497029.98682},{"x":4,"d":[[21,65,69,"1-4  "]],"y":13,"t":1268497031.48735},{"x":4,"d":[[23,69,70,"^Y"]],"y":13,"t":1268497032.77135},{"x":5,"d":[[11,5,13,"!-- <div>"],[13,11,13,"-->"],[21,63,67,"1,2-5"],[22,18,32,"toggleComment()"],["cp",0,23]],"y":12,"t":1268497033.45936},{"x":5,"d":[[21,63,"2"]],"y":13,"t":1268497035.86335},{"x":5,"d":[[21,63,"1"]],"y":12,"t":1268497036.22335},{"x":5,"d":[[21,63,"2"]],"y":13,"t":1268497036.48735},{"x":5,"d":[[21,63,"1"]],"y":12,"t":1268497036.68735},{"x":5,"d":[[11,5,13,"div>     "],["cp",3,13],[22,0,35,"3 changes; before #57  4 seconds ago"]],"y":12,"t":1268497037.34735},{"x":5,"d":[[21,63,"2"]],"y":13,"t":1268497037.87935},{"x":6,"d":[[21,65,67,"3-6"]],"y":13,"t":1268497038.15935},{"x":7,"d":[[21,65,67,"4-7"]],"y":13,"t":1268497038.66335},{"x":8,"d":[[21,65,67,"5-8"]],"y":13,"t":1268497038.69537},{"x":9,"d":[[21,65,67,"6-9"]],"y":13,"t":1268497038.72738},{"x":10,"d":[[21,65,68,"7-10"]],"y":13,"t":1268497038.76335},{"x":10,"d":[[23,69,70,"^Y"]],"y":13,"t":1268497039.21535},{"x":7,"d":[[12,7,38,"!-- <span>hello world</span> -->"],[21,65,68,"4-7 "],[22,0,35,":call <SNR>49_zen_toggleComment()   "],["cp",0,23]],"y":13,"t":1268497039.58736},{"x":7,"d":[[23,69,70,"^["]],"y":13,"t":1268497042.99935},{"x":10,"d":[[21,63,68,"3,7-10"],["cp",0,23]],"y":14,"t":1268497043.54735},{"x":5,"d":[["cp",0,14],[21,63,68,"4,2-5 "],[23,0,11,"-- INSERT --"]],"B":[["cp",0,14],[23,0,11,["a","1"]]],"y":15,"t":1268497044.11136},{"x":1,"d":[[23,0,11,["a"," "]],[23,69,70,"^["]],"B":[["cp",0,23]],"y":15,"t":1268497044.89935},{"x":5,"d":[["cp",0,15],[21,63,"5"],["cp",0,22],[23,0,11,"-- INSERT --"],[23,69,70,["a"," "]]],"B":[["cp",0,15],[23,0,11,["a","1"]]],"y":16,"t":1268497045.07536},{"x":1,"d":[[23,0,11,["a"," "]],[23,69,70,"^["]],"B":[["cp",0,23]],"y":16,"t":1268497049.39535},{"x":1,"d":[[21,65,67,"1  "],[23,0,11,"-- INSERT --"],[23,69,70,["a"," "]]],"B":[[23,0,11,["a","1"]]],"y":16,"t":1268497049.72736},{"x":2,"d":[[15,0,"9"],[21,65,"2"]],"y":16,"t":1268497050.25935},{"x":3,"d":[[15,1,"."],[21,65,"3"]],"y":16,"t":1268497050.66735},{"x":4,"d":[[21,65,"4"]],"y":16,"t":1268497050.80735},{"x":5,"d":[[15,3,"m"],[21,65,"5"]],"y":16,"t":1268497051.64339},{"x":6,"d":[[15,4,"a"],[21,65,"6"]],"y":16,"t":1268497051.71935},{"x":7,"d":[[15,5,"k"],[21,65,"7"]],"y":16,"t":1268497051.83135},{"x":8,"d":[[15,6,"e"],[21,65,"8"]],"y":16,"t":1268497051.93135},{"x":9,"d":[[21,65,"9"]],"y":16,"t":1268497051.98735},{"x":10,"d":[[15,8,"a"],[21,65,66,"10"]],"y":16,"t":1268497052.17935},{"x":11,"d":[[15,9,"n"],[21,66,"1"]],"y":16,"t":1268497052.39135},{"x":12,"d":[[15,10,"c"],[21,66,"2"]],"y":16,"t":1268497052.59935},{"x":13,"d":[[15,11,"h"],[21,66,"3"]],"y":16,"t":1268497052.70335},{"x":14,"d":[[15,12,"o"],[21,66,"4"]],"y":16,"t":1268497052.79135},{"x":15,"d":[["a"," "],["r","    <div class=\"foo\">                                                           "],["r","      <a href=\"\">cursor is here</a>                                             "],["r","    </div>                                                                      "],["a"," "],["r","7. split/join tag                                                               "],["a"," "],["r","    <div class=\"foo\"></div>                                                     "],["a"," "],["r","8. toggle comment                                                               "],["a"," "],["r","    <div>                                                                       "],["r","      <!-- <span>hello world</span> -->                                         "],["r","    </div>                                                                      "],["a"," "],["r","9. make anchor                                                                  "],["r","~                                                                               "],"d","d","d","d",["r","[No Name] [+]                                                 65,15          Bot"],["a"," "],["r","-- INSERT --                                                                    "],["a"," "]],"B":[["a","0"],"d","d","d","d","d","d","d","d","d","d","d","d","d","d","d",["r","10000000000000000000000000000000000000000000000000000000000000000000000000000000"],"d","d","d","d",["a","1"],["a","0"],["r","11111111111100000000000000000000000000000000000000000000000000000000000000000000"],["a","0"]],"y":16,"b":[["a","0"],"d","d","d","d","d","d","d","d","d","d","d","d","d","d","d","d","d","d","d","d",["a","7"],["a","0"],"d","d"],"f":[["a","7"],"d","d","d","d","d","d","d","d","d","d","d","d","d","d","d","d","d","d","d","d",["a","0"],["a","7"],"d","d"],"i":1,"t":1268497052.80827,"U":[["a","0"],"d","d","d","d","d","d","d","d","d","d","d","d","d","d","d","d","d","d","d","d","d","d","d","d"]},{"x":16,"d":[[21,66,"6"]],"y":16,"t":1268497052.97936},{"x":17,"d":[[15,15,"f"],[21,66,"7"]],"y":16,"t":1268497053.56735},{"x":18,"d":[[15,16,"r"],[21,66,"8"]],"y":16,"t":1268497053.81536},{"x":19,"d":[[15,17,"o"],[21,66,"9"]],"y":16,"t":1268497053.93535},{"x":20,"d":[[15,18,"m"],[21,65,66,"20"]],"y":16,"t":1268497054.02777},{"x":21,"d":[[21,66,"1"]],"y":16,"t":1268497054.12735},{"x":22,"d":[[15,20,"U"],[21,66,"2"]],"y":16,"t":1268497054.34735},{"x":23,"d":[[15,21,"R"],[21,66,"3"]],"y":16,"t":1268497054.52735},{"x":24,"d":[[15,22,"L"],[21,66,"4"]],"y":16,"t":1268497054.59935},{"x":5,"d":[[15,0,26,"    9. make anchor from URL"],["cp",0,16],[21,63,67,"6,2-5"]],"B":[["cp",0,16]],"y":17,"t":1268497056.14336},{"x":1,"d":[[23,0,11,["a"," "]],[23,69,70,"^["]],"B":[["cp",0,23]],"y":17,"t":1268497057.04735},{"x":5,"d":[[21,63,"5"],["cp",0,23]],"y":16,"t":1268497057.11935},{"x":4,"d":[[21,65,67,"1-4"]],"y":16,"t":1268497057.30335},{"x":1,"d":[[15,0,26,"9. make anchor from URL    "],[21,66,67,["a"," "]]],"y":16,"t":1268497057.58335},{"x":1,"d":[[21,63,67,"6,0-1"]],"y":17,"t":1268497057.82335},{"x":1,"d":[["cp",0,17],[21,63,67,"7,1  "],[23,0,11,"-- INSERT --"]],"B":[["cp",0,17],[23,0,11,["a","1"]]],"y":18,"t":1268497058.17136},{"x":1,"d":[[23,0,11,["a"," "]],[23,69,70,"^["]],"B":[["cp",0,23]],"y":18,"t":1268497058.94735},{"x":1,"d":[[21,65,67,"0-1"],[23,69,70,"z "]],"y":18,"t":1268497059.41538},{"x":1,"d":[["cp",7,0],["cp",4,1],["cp",9,2],["cp",1,3],["cp",11,4],["cp",12,5],["cp",13,6],["cp",1,7],["cp",15,8],["cp",1,9],["cp",18,11],["cp",11,12],["cp",11,13],["cp",11,14],["cp",11,15],["cp",11,16],["cp",11,17],["cp",1,23]],"B":[["cp",18,11],["cp",11,12],["cp",11,13],["cp",11,14],["cp",11,15],["cp",11,16],["cp",11,17]],"y":11,"t":1268497059.59535},{"x":1,"d":[[21,65,67,"1  "],[23,0,11,"-- INSERT --"]],"B":[[23,0,11,["a","1"]]],"y":11,"t":1268497060.16335},{"x":5,"d":[[21,65,67,"2-5"]],"y":11,"t":1268497060.41135},{"x":6,"d":[[10,4,"h"],[21,65,67,"3-6"]],"y":11,"t":1268497064.15535},{"x":7,"d":[[10,5,"t"],[21,65,67,"4-7"]],"y":11,"t":1268497064.28335},{"x":8,"d":[[10,6,"t"],[21,65,67,"5-8"]],"y":11,"t":1268497064.41135},{"x":9,"d":[[10,7,"p"],[21,65,67,"6-9"]],"y":11,"t":1268497064.58735},{"x":10,"d":[[10,8,":"],[21,65,68,"7-10"]],"y":11,"t":1268497064.99535},{"x":11,"d":[[10,9,"/"],[21,65,68,"8-11"]],"y":11,"t":1268497065.21935},{"x":12,"d":[[10,10,"/"],[21,65,68,"9-12"]],"y":11,"t":1268497065.36735},{"x":13,"d":[[10,11,"w"],[21,65,69,"10-13"]],"y":11,"t":1268497065.71535},{"x":14,"d":[[10,12,"w"],[21,66,69,"1-14"]],"y":11,"t":1268497065.89535},{"x":15,"d":[[10,13,"w"],[21,66,69,"2-15"]],"y":11,"t":1268497066.05135},{"x":16,"d":[[10,14,"."],[21,66,69,"3-16"]],"y":11,"t":1268497066.17535},{"x":17,"d":[[10,15,"g"],[21,66,69,"4-17"]],"y":11,"t":1268497066.35136},{"x":18,"d":[[10,16,"o"],[21,66,69,"5-18"]],"y":11,"t":1268497066.43535},{"x":19,"d":[[10,17,"o"],[21,66,69,"6-19"]],"y":11,"t":1268497066.58335},{"x":20,"d":[[10,18,"g"],[21,66,69,"7-20"]],"y":11,"t":1268497066.74335},{"x":21,"d":[[10,19,"l"],[21,66,69,"8-21"]],"y":11,"t":1268497066.86337},{"x":22,"d":[[10,20,"e"],[21,66,69,"9-22"]],"y":11,"t":1268497066.97135},{"x":23,"d":[[10,21,"."],[21,65,69,"20-23"]],"y":11,"t":1268497067.09935},{"x":24,"d":[[10,22,"c"],[21,66,69,"1-24"]],"y":11,"t":1268497067.24735},{"x":25,"d":[[10,23,"o"],[21,66,69,"2-25"]],"y":11,"t":1268497067.37135},{"x":26,"d":[[10,24,"m"],[21,66,69,"3-26"]],"y":11,"t":1268497067.45935},{"x":27,"d":[[10,25,"/"],[21,66,69,"4-27"]],"y":11,"t":1268497067.87935},{"x":26,"d":[[23,0,11,["a"," "]],[23,69,70,"^["]],"B":[["cp",0,23]],"y":11,"t":1268497068.70335},{"x":25,"d":[[21,66,69,"2-25"],["cp",1,23]],"y":11,"t":1268497068.91135},{"x":25,"d":[[23,69,70,"^Y"]],"y":11,"t":1268497070.49135},{"x":1,"d":[[22,0,32,":call <SNR>49_zen_anchorizeURL(0)"],["cp",1,23]],"y":24,"t":1268497070.94986},{"x":5,"d":[[10,4,46,"<a href=\"http://www.google.com/\">Google</a>"],[21,66,69,"-5  "],["cp",1,22]],"y":11,"t":1268497071.55139},{"x":47,"d":[[21,65,69,"44-47"]],"y":11,"t":1268497073.45159},{"x":46,"d":[[21,66,69,"3-46"]],"y":11,"t":1268497073.67935},{"x":45,"d":[[21,66,69,"2-45"]],"y":11,"t":1268497074.17935},{"x":44,"d":[[21,66,69,"1-44"]],"y":11,"t":1268497074.21535},{"x":43,"d":[[21,66,69,"0-43"]],"y":11,"t":1268497074.24735},{"x":42,"d":[[21,65,69,"39-42"]],"y":11,"t":1268497074.28335},{"x":41,"d":[[21,66,69,"8-41"]],"y":11,"t":1268497074.31536},{"x":40,"d":[[21,66,69,"7-40"]],"y":11,"t":1268497074.34735},{"x":39,"d":[[21,66,69,"6-39"]],"y":11,"t":1268497074.37935},{"x":38,"d":[[21,66,69,"5-38"]],"y":11,"t":1268497074.4154},{"x":38,"d":[[23,0,11,"-- VISUAL --"],[23,69,"1"]],"B":[[23,0,11,["a","1"]]],"y":11,"t":1268497074.99935},{"x":43,"d":[[21,65,69,"40-43"],[23,69,"6"]],"y":11,"b":[[10,37,41,["a","7"]]],"f":[[10,37,41,["a","0"]]],"t":1268497075.05135},{"x":43,"d":[[23,69,70,"^["]],"y":11,"t":1268497076.79535},{"x":43,"d":[[23,0,11,["a"," "]]],"B":[["cp",0,23]],"y":11,"b":[["cp",0,10]],"f":[["cp",0,10]],"t":1268497077.59535},{"x":5,"d":[["cp",1,11],[21,63,69,"8,2-5  "],[23,0,11,"-- INSERT --"],[23,69,70,["a"," "]]],"B":[["cp",0,11],[23,0,11,["a","1"]]],"y":12,"t":1268497078.25968},{"x":1,"d":[[21,65,67,"1  "]],"y":12,"t":1268497079.19935},{"x":5,"d":[["cp",1,12],[21,63,67,"9,2-5"]],"B":[["cp",0,12]],"y":13,"t":1268497079.88736},{"x":6,"d":[[12,4,"1"],[21,65,67,"3-6"]],"y":13,"t":1268497081.11935},{"x":7,"d":[[12,5,"0"],[21,65,67,"4-7"]],"y":13,"t":1268497081.29935},{"x":8,"d":[[12,6,"."],[21,65,67,"5-8"]],"y":13,"t":1268497082.03535},{"x":9,"d":[[21,65,67,"6-9"]],"y":13,"t":1268497082.21935},{"x":10,"d":[[12,8,"m"],[21,65,68,"7-10"]],"y":13,"t":1268497082.60735},{"x":11,"d":[[12,9,"a"],[21,65,68,"8-11"]],"y":13,"t":1268497082.69935},{"x":12,"d":[[12,10,"k"],[21,65,68,"9-12"]],"y":13,"t":1268497082.84737},{"x":13,"d":[[12,11,"e"],[21,65,69,"10-13"]],"y":13,"t":1268497082.96735},{"x":14,"d":[[21,66,69,"1-14"]],"y":13,"t":1268497083.03537},{"x":15,"d":[[12,13,"q"],[21,66,69,"2-15"]],"y":13,"t":1268497083.24335},{"x":16,"d":[[12,14,"u"],[21,66,69,"3-16"]],"y":13,"t":1268497083.39535},{"x":17,"d":[[12,15,"o"],[21,66,69,"4-17"]],"y":13,"t":1268497083.46735}